%YAML 1.1
%TAG !u! tag:unity3d.com,2011:
--- !u!1 &3491765107648121984
GameObject:
  m_ObjectHideFlags: 0
  m_CorrespondingSourceObject: {fileID: 0}
  m_PrefabInstance: {fileID: 0}
  m_PrefabAsset: {fileID: 0}
  serializedVersion: 6
  m_Component:
  - component: {fileID: 3491765107648614624}
  m_Layer: 12
  m_Name: RigNeck4
  m_TagString: Untagged
  m_Icon: {fileID: 0}
  m_NavMeshLayer: 0
  m_StaticEditorFlags: 0
  m_IsActive: 1
--- !u!4 &3491765107648614624
Transform:
  m_ObjectHideFlags: 0
  m_CorrespondingSourceObject: {fileID: 0}
  m_PrefabInstance: {fileID: 0}
  m_PrefabAsset: {fileID: 0}
  m_GameObject: {fileID: 3491765107648121984}
  m_LocalRotation: {x: -0.000000028143981, y: -0.000000051163443, z: -0.2080751, w: 0.9781129}
  m_LocalPosition: {x: -0.114338756, y: 0, z: 9.094947e-15}
  m_LocalScale: {x: 0.99999994, y: 0.99999994, z: 1}
  m_Children:
  - {fileID: 3491765107648614628}
  m_Father: {fileID: 3491765107648614620}
  m_RootOrder: 0
  m_LocalEulerAnglesHint: {x: 2.0367436, y: 1.2917771, z: -17.534374}
--- !u!1 &3491765107648121986
GameObject:
  m_ObjectHideFlags: 0
  m_CorrespondingSourceObject: {fileID: 0}
  m_PrefabInstance: {fileID: 0}
  m_PrefabAsset: {fileID: 0}
  serializedVersion: 6
  m_Component:
  - component: {fileID: 3491765107648614626}
  m_Layer: 12
  m_Name: RigNeck3Gizmo
  m_TagString: Untagged
  m_Icon: {fileID: 0}
  m_NavMeshLayer: 0
  m_StaticEditorFlags: 0
  m_IsActive: 1
--- !u!4 &3491765107648614626
Transform:
  m_ObjectHideFlags: 0
  m_CorrespondingSourceObject: {fileID: 0}
  m_PrefabInstance: {fileID: 0}
  m_PrefabAsset: {fileID: 0}
  m_GameObject: {fileID: 3491765107648121986}
  m_LocalRotation: {x: 0.15196562, y: -0.6905841, z: -0.15196551, w: 0.6905842}
  m_LocalPosition: {x: -0.000000006819411, y: 0.4591228, z: -0.17225356}
  m_LocalScale: {x: 1.0000001, y: 1.0000001, z: 1}
  m_Children: []
  m_Father: {fileID: 3491765107648614594}
  m_RootOrder: 7
  m_LocalEulerAnglesHint: {x: 0.2760312, y: -93.70869, z: -99.41442}
--- !u!1 &3491765107648121988
GameObject:
  m_ObjectHideFlags: 0
  m_CorrespondingSourceObject: {fileID: 0}
  m_PrefabInstance: {fileID: 0}
  m_PrefabAsset: {fileID: 0}
  serializedVersion: 6
  m_Component:
  - component: {fileID: 3491765107648614628}
  m_Layer: 12
  m_Name: RigNeck5
  m_TagString: Untagged
  m_Icon: {fileID: 0}
  m_NavMeshLayer: 0
  m_StaticEditorFlags: 0
  m_IsActive: 1
--- !u!4 &3491765107648614628
Transform:
  m_ObjectHideFlags: 0
  m_CorrespondingSourceObject: {fileID: 0}
  m_PrefabInstance: {fileID: 0}
  m_PrefabAsset: {fileID: 0}
  m_GameObject: {fileID: 3491765107648121988}
  m_LocalRotation: {x: 0.0000000148145896, y: -0.000000045685766, z: -0.35937345,
    w: 0.93319386}
  m_LocalPosition: {x: -0.10078812, y: 0.000000019073486, z: -6.82121e-15}
  m_LocalScale: {x: 0.99999994, y: 0.99999994, z: 1}
  m_Children:
  - {fileID: 3491765107648614632}
  m_Father: {fileID: 3491765107648614624}
  m_RootOrder: 0
  m_LocalEulerAnglesHint: {x: -0.54461014, y: 3.4557567, z: -23.296768}
--- !u!1 &3491765107648121990
GameObject:
  m_ObjectHideFlags: 0
  m_CorrespondingSourceObject: {fileID: 0}
  m_PrefabInstance: {fileID: 0}
  m_PrefabAsset: {fileID: 0}
  serializedVersion: 6
  m_Component:
  - component: {fileID: 3491765107648614630}
  m_Layer: 12
  m_Name: RigNeck4Gizmo
  m_TagString: Untagged
  m_Icon: {fileID: 0}
  m_NavMeshLayer: 0
  m_StaticEditorFlags: 0
  m_IsActive: 1
--- !u!4 &3491765107648614630
Transform:
  m_ObjectHideFlags: 0
  m_CorrespondingSourceObject: {fileID: 0}
  m_PrefabInstance: {fileID: 0}
  m_PrefabAsset: {fileID: 0}
  m_GameObject: {fileID: 3491765107648121990}
  m_LocalRotation: {x: 0.29233286, y: -0.64384896, z: -0.2923328, w: 0.643849}
  m_LocalPosition: {x: -0.000000015559918, y: 0.50711995, z: -0.2760304}
  m_LocalScale: {x: 1.0000001, y: 1.0000001, z: 1}
  m_Children: []
  m_Father: {fileID: 3491765107648614594}
  m_RootOrder: 8
  m_LocalEulerAnglesHint: {x: 0.8225188, y: -96.05246, z: -116.746155}
--- !u!1 &3491765107648121992
GameObject:
  m_ObjectHideFlags: 0
  m_CorrespondingSourceObject: {fileID: 0}
  m_PrefabInstance: {fileID: 0}
  m_PrefabAsset: {fileID: 0}
  serializedVersion: 6
  m_Component:
  - component: {fileID: 3491765107648614632}
  m_Layer: 12
  m_Name: RigNeck6
  m_TagString: Untagged
  m_Icon: {fileID: 0}
  m_NavMeshLayer: 0
  m_StaticEditorFlags: 0
  m_IsActive: 1
--- !u!4 &3491765107648614632
Transform:
  m_ObjectHideFlags: 0
  m_CorrespondingSourceObject: {fileID: 0}
  m_PrefabInstance: {fileID: 0}
  m_PrefabAsset: {fileID: 0}
  m_GameObject: {fileID: 3491765107648121992}
  m_LocalRotation: {x: 0.00000004861056, y: -0.00000018586765, z: -0.5509987, w: 0.8345061}
  m_LocalPosition: {x: -0.08615829, y: 0, z: -6.82121e-15}
  m_LocalScale: {x: 1, y: 1, z: 1}
  m_Children:
  - {fileID: 3491765107648614596}
  m_Father: {fileID: 3491765107648614628}
  m_RootOrder: 0
  m_LocalEulerAnglesHint: {x: -6.325203, y: 0.052523077, z: -37.39971}
--- !u!1 &3491765107648121994
GameObject:
  m_ObjectHideFlags: 0
  m_CorrespondingSourceObject: {fileID: 0}
  m_PrefabInstance: {fileID: 0}
  m_PrefabAsset: {fileID: 0}
  serializedVersion: 6
  m_Component:
  - component: {fileID: 3491765107648614634}
  m_Layer: 12
  m_Name: RigNeck5Gizmo
  m_TagString: Untagged
  m_Icon: {fileID: 0}
  m_NavMeshLayer: 0
  m_StaticEditorFlags: 0
  m_IsActive: 1
--- !u!4 &3491765107648614634
Transform:
  m_ObjectHideFlags: 0
  m_CorrespondingSourceObject: {fileID: 0}
  m_PrefabInstance: {fileID: 0}
  m_PrefabAsset: {fileID: 0}
  m_GameObject: {fileID: 3491765107648121994}
  m_LocalRotation: {x: 0.5041874, y: -0.4957813, z: -0.5041835, w: 0.49577728}
  m_LocalPosition: {x: -0.000000020724965, y: 0.58300054, z: -0.34236568}
  m_LocalScale: {x: 1, y: 1, z: 1}
  m_Children: []
  m_Father: {fileID: 3491765107648614594}
  m_RootOrder: 9
  m_LocalEulerAnglesHint: {x: 4.1544895, y: -97.159, z: -140.12556}
--- !u!1 &3491765107648121996
GameObject:
  m_ObjectHideFlags: 0
  m_CorrespondingSourceObject: {fileID: 0}
  m_PrefabInstance: {fileID: 0}
  m_PrefabAsset: {fileID: 0}
  serializedVersion: 6
  m_Component:
  - component: {fileID: 3491765107648614636}
  m_Layer: 12
  m_Name: RigPelvis
  m_TagString: Untagged
  m_Icon: {fileID: 0}
  m_NavMeshLayer: 0
  m_StaticEditorFlags: 0
  m_IsActive: 1
--- !u!4 &3491765107648614636
Transform:
  m_ObjectHideFlags: 0
  m_CorrespondingSourceObject: {fileID: 0}
  m_PrefabInstance: {fileID: 0}
  m_PrefabAsset: {fileID: 0}
  m_GameObject: {fileID: 3491765107648121996}
  m_LocalRotation: {x: 0.4747133, y: -0.5240683, z: -0.474713, w: 0.52406806}
  m_LocalPosition: {x: 0.000000007998198, y: 0.24899848, z: -0.05296959}
  m_LocalScale: {x: 1, y: 1, z: 1}
  m_Children:
  - {fileID: 3491765107648614604}
  - {fileID: 3491765107648614612}
  m_Father: {fileID: 3491765107648614594}
  m_RootOrder: 11
  m_LocalEulerAnglesHint: {x: 0.00000085377314, y: -90, z: -111.113014}
--- !u!1 &3491765107648121998
GameObject:
  m_ObjectHideFlags: 0
  m_CorrespondingSourceObject: {fileID: 0}
  m_PrefabInstance: {fileID: 0}
  m_PrefabAsset: {fileID: 0}
  serializedVersion: 6
  m_Component:
  - component: {fileID: 3491765107648614638}
  m_Layer: 12
  m_Name: RigNeck6Gizmo
  m_TagString: Untagged
  m_Icon: {fileID: 0}
  m_NavMeshLayer: 0
  m_StaticEditorFlags: 0
  m_IsActive: 1
--- !u!4 &3491765107648614638
Transform:
  m_ObjectHideFlags: 0
  m_CorrespondingSourceObject: {fileID: 0}
  m_PrefabInstance: {fileID: 0}
  m_PrefabAsset: {fileID: 0}
  m_GameObject: {fileID: 3491765107648121998}
  m_LocalRotation: {x: -0.6939195, y: 0.13592544, z: 0.69391954, w: -0.13592535}
  m_LocalPosition: {x: -0.00000002591027, y: 0.66914666, z: -0.3409172}
  m_LocalScale: {x: 1, y: 1, z: 1}
  m_Children: []
  m_Father: {fileID: 3491765107648614594}
  m_RootOrder: 10
  m_LocalEulerAnglesHint: {x: 9.079103, y: -93.18898, z: -176.96533}
--- !u!1 &3491765107648122000
GameObject:
  m_ObjectHideFlags: 0
  m_CorrespondingSourceObject: {fileID: 0}
  m_PrefabInstance: {fileID: 0}
  m_PrefabAsset: {fileID: 0}
  serializedVersion: 6
  m_Component:
  - component: {fileID: 3491765107648614640}
  m_Layer: 12
  m_Name: RigPetal N1
  m_TagString: Untagged
  m_Icon: {fileID: 0}
  m_NavMeshLayer: 0
  m_StaticEditorFlags: 0
  m_IsActive: 1
--- !u!4 &3491765107648614640
Transform:
  m_ObjectHideFlags: 0
  m_CorrespondingSourceObject: {fileID: 0}
  m_PrefabInstance: {fileID: 0}
  m_PrefabAsset: {fileID: 0}
  m_GameObject: {fileID: 3491765107648122000}
  m_LocalRotation: {x: 0.000000012171684, y: 0.0000000028409575, z: -0.0595145, w: 0.9982275}
  m_LocalPosition: {x: -0.03647369, y: -0.056180675, z: 0.000000015405849}
  m_LocalScale: {x: 1, y: 1, z: 1}
  m_Children:
  - {fileID: 3491765107648614646}
  m_Father: {fileID: 3491765107648614596}
  m_RootOrder: 1
  m_LocalEulerAnglesHint: {x: -0.00000013707523, y: 0.0000020235518, z: -2.0968614}
--- !u!1 &3491765107648122002
GameObject:
  m_ObjectHideFlags: 0
  m_CorrespondingSourceObject: {fileID: 0}
  m_PrefabInstance: {fileID: 0}
  m_PrefabAsset: {fileID: 0}
  serializedVersion: 6
  m_Component:
  - component: {fileID: 3491765107648614642}
  m_Layer: 12
  m_Name: RigPelvisGizmo
  m_TagString: Untagged
  m_Icon: {fileID: 0}
  m_NavMeshLayer: 0
  m_StaticEditorFlags: 0
  m_IsActive: 1
--- !u!4 &3491765107648614642
Transform:
  m_ObjectHideFlags: 0
  m_CorrespondingSourceObject: {fileID: 0}
  m_PrefabInstance: {fileID: 0}
  m_PrefabAsset: {fileID: 0}
  m_GameObject: {fileID: 3491765107648122002}
  m_LocalRotation: {x: 0.4747133, y: -0.5240683, z: -0.474713, w: 0.52406806}
  m_LocalPosition: {x: 0.000000007998198, y: 0.24899848, z: -0.05296959}
  m_LocalScale: {x: 1, y: 1, z: 1}
  m_Children: []
  m_Father: {fileID: 3491765107648614594}
  m_RootOrder: 12
  m_LocalEulerAnglesHint: {x: 0.00000085377314, y: -90, z: -111.113014}
--- !u!1 &3491765107648122004
GameObject:
  m_ObjectHideFlags: 0
  m_CorrespondingSourceObject: {fileID: 0}
  m_PrefabInstance: {fileID: 0}
  m_PrefabAsset: {fileID: 0}
  serializedVersion: 6
  m_Component:
  - component: {fileID: 3491765107648614644}
  m_Layer: 12
  m_Name: RigPetal N3
  m_TagString: Untagged
  m_Icon: {fileID: 0}
  m_NavMeshLayer: 0
  m_StaticEditorFlags: 0
  m_IsActive: 1
--- !u!4 &3491765107648614644
Transform:
  m_ObjectHideFlags: 0
  m_CorrespondingSourceObject: {fileID: 0}
  m_PrefabInstance: {fileID: 0}
  m_PrefabAsset: {fileID: 0}
  m_GameObject: {fileID: 3491765107648122004}
  m_LocalRotation: {x: 0.0000000027777054, y: -0.000000041279442, z: -0.23108517,
    w: 0.97293353}
  m_LocalPosition: {x: -0.13244842, y: 0, z: -9.094947e-15}
  m_LocalScale: {x: 0.99999994, y: 0.99999994, z: 1}
  m_Children:
  - {fileID: 3491765107648614650}
  m_Father: {fileID: 3491765107648614646}
  m_RootOrder: 0
  m_LocalEulerAnglesHint: {x: -0.00000051866965, y: 0.0000020768239, z: -21.017616}
--- !u!1 &3491765107648122006
GameObject:
  m_ObjectHideFlags: 0
  m_CorrespondingSourceObject: {fileID: 0}
  m_PrefabInstance: {fileID: 0}
  m_PrefabAsset: {fileID: 0}
  serializedVersion: 6
  m_Component:
  - component: {fileID: 3491765107648614646}
  m_Layer: 12
  m_Name: RigPetal N2
  m_TagString: Untagged
  m_Icon: {fileID: 0}
  m_NavMeshLayer: 0
  m_StaticEditorFlags: 0
  m_IsActive: 1
--- !u!4 &3491765107648614646
Transform:
  m_ObjectHideFlags: 0
  m_CorrespondingSourceObject: {fileID: 0}
  m_PrefabInstance: {fileID: 0}
  m_PrefabAsset: {fileID: 0}
  m_GameObject: {fileID: 3491765107648122006}
  m_LocalRotation: {x: -0.000000019375863, y: 0.000000008789461, z: -0.25048622, w: 0.96812016}
  m_LocalPosition: {x: -0.13396293, y: 0, z: 9.094947e-15}
  m_LocalScale: {x: 0.99999994, y: 0.99999994, z: 1}
  m_Children:
  - {fileID: 3491765107648614644}
  m_Father: {fileID: 3491765107648614640}
  m_RootOrder: 0
  m_LocalEulerAnglesHint: {x: -0.00000012589604, y: -0.000021463167, z: -24.829855}
--- !u!1 &3491765107648122008
GameObject:
  m_ObjectHideFlags: 0
  m_CorrespondingSourceObject: {fileID: 0}
  m_PrefabInstance: {fileID: 0}
  m_PrefabAsset: {fileID: 0}
  serializedVersion: 6
  m_Component:
  - component: {fileID: 3491765107648614648}
  m_Layer: 12
  m_Name: RigPetal N5
  m_TagString: Untagged
  m_Icon: {fileID: 0}
  m_NavMeshLayer: 0
  m_StaticEditorFlags: 0
  m_IsActive: 1
--- !u!4 &3491765107648614648
Transform:
  m_ObjectHideFlags: 0
  m_CorrespondingSourceObject: {fileID: 0}
  m_PrefabInstance: {fileID: 0}
  m_PrefabAsset: {fileID: 0}
  m_GameObject: {fileID: 3491765107648122008}
  m_LocalRotation: {x: -0.000000007245504, y: -0.0000000437671, z: -0.0759405, w: 0.99711233}
  m_LocalPosition: {x: -0.13010864, y: -0.000000076293944, z: 0}
  m_LocalScale: {x: 0.99999994, y: 0.99999994, z: 1}
  m_Children:
  - {fileID: 3491765107648614654}
  m_Father: {fileID: 3491765107648614650}
  m_RootOrder: 0
  m_LocalEulerAnglesHint: {x: 0.00000006219801, y: -0.0000033184908, z: -4.0289445}
--- !u!1 &3491765107648122010
GameObject:
  m_ObjectHideFlags: 0
  m_CorrespondingSourceObject: {fileID: 0}
  m_PrefabInstance: {fileID: 0}
  m_PrefabAsset: {fileID: 0}
  serializedVersion: 6
  m_Component:
  - component: {fileID: 3491765107648614650}
  m_Layer: 12
  m_Name: RigPetal N4
  m_TagString: Untagged
  m_Icon: {fileID: 0}
  m_NavMeshLayer: 0
  m_StaticEditorFlags: 0
  m_IsActive: 1
--- !u!4 &3491765107648614650
Transform:
  m_ObjectHideFlags: 0
  m_CorrespondingSourceObject: {fileID: 0}
  m_PrefabInstance: {fileID: 0}
  m_PrefabAsset: {fileID: 0}
  m_GameObject: {fileID: 3491765107648122010}
  m_LocalRotation: {x: 8.797715e-10, y: -0.000000053717333, z: -0.21970001, w: 0.9755675}
  m_LocalPosition: {x: -0.12934333, y: 0, z: 1.8189894e-14}
  m_LocalScale: {x: 1, y: 1, z: 1}
  m_Children:
  - {fileID: 3491765107648614648}
  m_Father: {fileID: 3491765107648614644}
  m_RootOrder: 0
  m_LocalEulerAnglesHint: {x: -0.000006290689, y: -0.0000044449503, z: -19.429626}
--- !u!1 &3491765107648122012
GameObject:
  m_ObjectHideFlags: 0
  m_CorrespondingSourceObject: {fileID: 0}
  m_PrefabInstance: {fileID: 0}
  m_PrefabAsset: {fileID: 0}
  serializedVersion: 6
  m_Component:
  - component: {fileID: 3491765107648614652}
  m_Layer: 12
  m_Name: RigPetal N7
  m_TagString: Untagged
  m_Icon: {fileID: 0}
  m_NavMeshLayer: 0
  m_StaticEditorFlags: 0
  m_IsActive: 1
--- !u!4 &3491765107648614652
Transform:
  m_ObjectHideFlags: 0
  m_CorrespondingSourceObject: {fileID: 0}
  m_PrefabInstance: {fileID: 0}
  m_PrefabAsset: {fileID: 0}
  m_GameObject: {fileID: 3491765107648122012}
  m_LocalRotation: {x: 0.00000006569912, y: 0.000000036994436, z: 0.13786764, w: 0.9904507}
  m_LocalPosition: {x: -0.10906129, y: 0.000000076293944, z: 0}
  m_LocalScale: {x: 0.99999976, y: 0.99999976, z: 1}
  m_Children: []
  m_Father: {fileID: 3491765107648614654}
  m_RootOrder: 0
  m_LocalEulerAnglesHint: {x: 0.0000037351933, y: 0.0000045091174, z: 28.055874}
--- !u!1 &3491765107648122014
GameObject:
  m_ObjectHideFlags: 0
  m_CorrespondingSourceObject: {fileID: 0}
  m_PrefabInstance: {fileID: 0}
  m_PrefabAsset: {fileID: 0}
  serializedVersion: 6
  m_Component:
  - component: {fileID: 3491765107648614654}
  m_Layer: 12
  m_Name: RigPetal N6
  m_TagString: Untagged
  m_Icon: {fileID: 0}
  m_NavMeshLayer: 0
  m_StaticEditorFlags: 0
  m_IsActive: 1
--- !u!4 &3491765107648614654
Transform:
  m_ObjectHideFlags: 0
  m_CorrespondingSourceObject: {fileID: 0}
  m_PrefabInstance: {fileID: 0}
  m_PrefabAsset: {fileID: 0}
  m_GameObject: {fileID: 3491765107648122014}
  m_LocalRotation: {x: -0.0000000060428396, y: -0.000000019736067, z: -0.135829, w: 0.9907323}
  m_LocalPosition: {x: -0.12030705, y: 0, z: 0}
  m_LocalScale: {x: 0.9999999, y: 0.9999999, z: 1}
  m_Children:
  - {fileID: 3491765107648614652}
  m_Father: {fileID: 3491765107648614648}
  m_RootOrder: 0
  m_LocalEulerAnglesHint: {x: -0.0000014157681, y: -0.000009063215, z: -1.7194777}
--- !u!1 &3491765107648122016
GameObject:
  m_ObjectHideFlags: 0
  m_CorrespondingSourceObject: {fileID: 0}
  m_PrefabInstance: {fileID: 0}
  m_PrefabAsset: {fileID: 0}
  serializedVersion: 6
  m_Component:
  - component: {fileID: 3491765107648614528}
  m_Layer: 12
  m_Name: RigPetal NE2
  m_TagString: Untagged
  m_Icon: {fileID: 0}
  m_NavMeshLayer: 0
  m_StaticEditorFlags: 0
  m_IsActive: 1
--- !u!4 &3491765107648614528
Transform:
  m_ObjectHideFlags: 0
  m_CorrespondingSourceObject: {fileID: 0}
  m_PrefabInstance: {fileID: 0}
  m_PrefabAsset: {fileID: 0}
  m_GameObject: {fileID: 3491765107648122016}
  m_LocalRotation: {x: 0.005949713, y: 0.001956632, z: -0.23848817, w: 0.97112525}
  m_LocalPosition: {x: -0.13396297, y: 0, z: 0}
  m_LocalScale: {x: 0.9999998, y: 1, z: 1}
  m_Children:
  - {fileID: 3491765107648614534}
  m_Father: {fileID: 3491765107648614530}
  m_RootOrder: 0
  m_LocalEulerAnglesHint: {x: -0.47728634, y: -0.10136971, z: -21.21106}
--- !u!1 &3491765107648122018
GameObject:
  m_ObjectHideFlags: 0
  m_CorrespondingSourceObject: {fileID: 0}
  m_PrefabInstance: {fileID: 0}
  m_PrefabAsset: {fileID: 0}
  serializedVersion: 6
  m_Component:
  - component: {fileID: 3491765107648614530}
  m_Layer: 12
  m_Name: RigPetal NE1
  m_TagString: Untagged
  m_Icon: {fileID: 0}
  m_NavMeshLayer: 0
  m_StaticEditorFlags: 0
  m_IsActive: 1
--- !u!4 &3491765107648614530
Transform:
  m_ObjectHideFlags: 0
  m_CorrespondingSourceObject: {fileID: 0}
  m_PrefabInstance: {fileID: 0}
  m_PrefabAsset: {fileID: 0}
  m_GameObject: {fileID: 3491765107648122018}
  m_LocalRotation: {x: -0.056103885, y: 0.4968427, z: 0.030406123, w: 0.8654913}
  m_LocalPosition: {x: -0.011464385, y: -0.056180704, z: 0.020568606}
  m_LocalScale: {x: 1, y: 1, z: 1}
  m_Children:
  - {fileID: 3491765107648614528}
  m_Father: {fileID: 3491765107648614596}
  m_RootOrder: 2
  m_LocalEulerAnglesHint: {x: -0.4979313, y: 59.461678, z: 1.4709902}
--- !u!1 &3491765107648122020
GameObject:
  m_ObjectHideFlags: 0
  m_CorrespondingSourceObject: {fileID: 0}
  m_PrefabInstance: {fileID: 0}
  m_PrefabAsset: {fileID: 0}
  serializedVersion: 6
  m_Component:
  - component: {fileID: 3491765107648614532}
  m_Layer: 12
  m_Name: RigPetal NE4
  m_TagString: Untagged
  m_Icon: {fileID: 0}
  m_NavMeshLayer: 0
  m_StaticEditorFlags: 0
  m_IsActive: 1
--- !u!4 &3491765107648614532
Transform:
  m_ObjectHideFlags: 0
  m_CorrespondingSourceObject: {fileID: 0}
  m_PrefabInstance: {fileID: 0}
  m_PrefabAsset: {fileID: 0}
  m_GameObject: {fileID: 3491765107648122020}
  m_LocalRotation: {x: -0.0049478184, y: -0.014927086, z: -0.23789191, w: 0.97116435}
  m_LocalPosition: {x: -0.13244846, y: 0.000000038146972, z: 0.000000076293944}
  m_LocalScale: {x: 0.9999998, y: 0.99999976, z: 1}
  m_Children:
  - {fileID: 3491765107648614538}
  m_Father: {fileID: 3491765107648614534}
  m_RootOrder: 0
  m_LocalEulerAnglesHint: {x: -0.20494966, y: -0.4320373, z: -22.400143}
--- !u!1 &3491765107648122022
GameObject:
  m_ObjectHideFlags: 0
  m_CorrespondingSourceObject: {fileID: 0}
  m_PrefabInstance: {fileID: 0}
  m_PrefabAsset: {fileID: 0}
  serializedVersion: 6
  m_Component:
  - component: {fileID: 3491765107648614534}
  m_Layer: 12
  m_Name: RigPetal NE3
  m_TagString: Untagged
  m_Icon: {fileID: 0}
  m_NavMeshLayer: 0
  m_StaticEditorFlags: 0
  m_IsActive: 1
--- !u!4 &3491765107648614534
Transform:
  m_ObjectHideFlags: 0
  m_CorrespondingSourceObject: {fileID: 0}
  m_PrefabInstance: {fileID: 0}
  m_PrefabAsset: {fileID: 0}
  m_GameObject: {fileID: 3491765107648122022}
  m_LocalRotation: {x: 0.0073157027, y: 0.007524174, z: -0.24147163, w: 0.97035116}
  m_LocalPosition: {x: -0.1324485, y: -0.000000019073486, z: -0.000000076293944}
  m_LocalScale: {x: 0.9999997, y: 0.99999994, z: 0.99999994}
  m_Children:
  - {fileID: 3491765107648614532}
  m_Father: {fileID: 3491765107648614528}
  m_RootOrder: 0
  m_LocalEulerAnglesHint: {x: -0.37980977, y: -0.29950055, z: -21.209902}
--- !u!1 &3491765107648122024
GameObject:
  m_ObjectHideFlags: 0
  m_CorrespondingSourceObject: {fileID: 0}
  m_PrefabInstance: {fileID: 0}
  m_PrefabAsset: {fileID: 0}
  serializedVersion: 6
  m_Component:
  - component: {fileID: 3491765107648614536}
  m_Layer: 12
  m_Name: RigPetal NE6
  m_TagString: Untagged
  m_Icon: {fileID: 0}
  m_NavMeshLayer: 0
  m_StaticEditorFlags: 0
  m_IsActive: 1
--- !u!4 &3491765107648614536
Transform:
  m_ObjectHideFlags: 0
  m_CorrespondingSourceObject: {fileID: 0}
  m_PrefabInstance: {fileID: 0}
  m_PrefabAsset: {fileID: 0}
  m_GameObject: {fileID: 3491765107648122024}
  m_LocalRotation: {x: -0.0059644193, y: 0.008833573, z: -0.10254659, w: 0.9946711}
  m_LocalPosition: {x: -0.12030708, y: 0, z: -0.000000076293944}
  m_LocalScale: {x: 0.9999998, y: 0.9999996, z: 1}
  m_Children:
  - {fileID: 3491765107648614542}
  m_Father: {fileID: 3491765107648614538}
  m_RootOrder: 0
  m_LocalEulerAnglesHint: {x: 1.5825667, y: -0.28364295, z: 2.0729074}
--- !u!1 &3491765107648122026
GameObject:
  m_ObjectHideFlags: 0
  m_CorrespondingSourceObject: {fileID: 0}
  m_PrefabInstance: {fileID: 0}
  m_PrefabAsset: {fileID: 0}
  serializedVersion: 6
  m_Component:
  - component: {fileID: 3491765107648614538}
  m_Layer: 12
  m_Name: RigPetal NE5
  m_TagString: Untagged
  m_Icon: {fileID: 0}
  m_NavMeshLayer: 0
  m_StaticEditorFlags: 0
  m_IsActive: 1
--- !u!4 &3491765107648614538
Transform:
  m_ObjectHideFlags: 0
  m_CorrespondingSourceObject: {fileID: 0}
  m_PrefabInstance: {fileID: 0}
  m_PrefabAsset: {fileID: 0}
  m_GameObject: {fileID: 3491765107648122026}
  m_LocalRotation: {x: 0.0034244978, y: -0.024907263, z: -0.20684883, w: 0.9780499}
  m_LocalPosition: {x: -0.13010864, y: 0, z: 0}
  m_LocalScale: {x: 0.9999998, y: 0.9999996, z: 1}
  m_Children:
  - {fileID: 3491765107648614536}
  m_Father: {fileID: 3491765107648614532}
  m_RootOrder: 0
  m_LocalEulerAnglesHint: {x: 1.255706, y: -0.5954791, z: -12.453148}
--- !u!1 &3491765107648122030
GameObject:
  m_ObjectHideFlags: 0
  m_CorrespondingSourceObject: {fileID: 0}
  m_PrefabInstance: {fileID: 0}
  m_PrefabAsset: {fileID: 0}
  serializedVersion: 6
  m_Component:
  - component: {fileID: 3491765107648614542}
  m_Layer: 12
  m_Name: RigPetal NE7
  m_TagString: Untagged
  m_Icon: {fileID: 0}
  m_NavMeshLayer: 0
  m_StaticEditorFlags: 0
  m_IsActive: 1
--- !u!4 &3491765107648614542
Transform:
  m_ObjectHideFlags: 0
  m_CorrespondingSourceObject: {fileID: 0}
  m_PrefabInstance: {fileID: 0}
  m_PrefabAsset: {fileID: 0}
  m_GameObject: {fileID: 3491765107648122030}
  m_LocalRotation: {x: -0.0033557948, y: 0.005460018, z: 0.15979165, w: 0.98713}
  m_LocalPosition: {x: -0.109061316, y: 0, z: 0}
  m_LocalScale: {x: 0.99999976, y: 0.99999964, z: 1}
  m_Children: []
  m_Father: {fileID: 3491765107648614536}
  m_RootOrder: 0
  m_LocalEulerAnglesHint: {x: 1.7785985, y: -0.28095064, z: 31.808664}
--- !u!1 &3491765107648122044
GameObject:
  m_ObjectHideFlags: 0
  m_CorrespondingSourceObject: {fileID: 0}
  m_PrefabInstance: {fileID: 0}
  m_PrefabAsset: {fileID: 0}
  serializedVersion: 6
  m_Component:
  - component: {fileID: 3491765107648614556}
  m_Layer: 12
  m_Name: RigPetal S2
  m_TagString: Untagged
  m_Icon: {fileID: 0}
  m_NavMeshLayer: 0
  m_StaticEditorFlags: 0
  m_IsActive: 1
--- !u!4 &3491765107648614556
Transform:
  m_ObjectHideFlags: 0
  m_CorrespondingSourceObject: {fileID: 0}
  m_PrefabInstance: {fileID: 0}
  m_PrefabAsset: {fileID: 0}
  m_GameObject: {fileID: 3491765107648122044}
  m_LocalRotation: {x: -0.00000002618642, y: -0.00000003557459, z: 0.08785225, w: 0.9961335}
  m_LocalPosition: {x: -0.13905868, y: 0, z: 0}
  m_LocalScale: {x: 1, y: 1, z: 1}
  m_Children:
  - {fileID: 3491765107648614562}
  m_Father: {fileID: 3491765107648614558}
  m_RootOrder: 0
  m_LocalEulerAnglesHint: {x: 0.0000012532804, y: -0.000008003926, z: 6.7731524}
--- !u!1 &3491765107648122046
GameObject:
  m_ObjectHideFlags: 0
  m_CorrespondingSourceObject: {fileID: 0}
  m_PrefabInstance: {fileID: 0}
  m_PrefabAsset: {fileID: 0}
  serializedVersion: 6
  m_Component:
  - component: {fileID: 3491765107648614558}
  m_Layer: 12
  m_Name: RigPetal S1
  m_TagString: Untagged
  m_Icon: {fileID: 0}
  m_NavMeshLayer: 0
  m_StaticEditorFlags: 0
  m_IsActive: 1
--- !u!4 &3491765107648614558
Transform:
  m_ObjectHideFlags: 0
  m_CorrespondingSourceObject: {fileID: 0}
  m_PrefabInstance: {fileID: 0}
  m_PrefabAsset: {fileID: 0}
  m_GameObject: {fileID: 3491765107648122046}
  m_LocalRotation: {x: 0.000000021475724, y: 0.0000001781486, z: 0.97900623, w: -0.20383054}
  m_LocalPosition: {x: 0.031846847, y: -0.053374138, z: 0.0000000054069096}
  m_LocalScale: {x: 1, y: 1, z: 1}
  m_Children:
  - {fileID: 3491765107648614556}
  m_Father: {fileID: 3491765107648614596}
  m_RootOrder: 4
  m_LocalEulerAnglesHint: {x: -0.000020410802, y: 0.0000009315713, z: -167.26555}
--- !u!1 &3491765107648122080
GameObject:
  m_ObjectHideFlags: 0
  m_CorrespondingSourceObject: {fileID: 0}
  m_PrefabInstance: {fileID: 0}
  m_PrefabAsset: {fileID: 0}
  serializedVersion: 6
  m_Component:
  - component: {fileID: 3491765107648614592}
  - component: {fileID: 3491765107651297762}
  m_Layer: 12
  m_Name: Flower Pot Monster
  m_TagString: Untagged
  m_Icon: {fileID: 0}
  m_NavMeshLayer: 0
  m_StaticEditorFlags: 0
  m_IsActive: 1
--- !u!4 &3491765107648614592
Transform:
  m_ObjectHideFlags: 0
  m_CorrespondingSourceObject: {fileID: 0}
  m_PrefabInstance: {fileID: 0}
  m_PrefabAsset: {fileID: 0}
  m_GameObject: {fileID: 3491765107648122080}
  m_LocalRotation: {x: -0.7071068, y: 0, z: -0, w: 0.7071068}
  m_LocalPosition: {x: -0.00007323742, y: 0, z: -2.763545e-10}
  m_LocalScale: {x: 1, y: 1, z: 1}
  m_Children: []
  m_Father: {fileID: 3491765107648614594}
  m_RootOrder: 0
  m_LocalEulerAnglesHint: {x: 0, y: 0, z: 0}
--- !u!137 &3491765107651297762
SkinnedMeshRenderer:
  m_ObjectHideFlags: 0
  m_CorrespondingSourceObject: {fileID: 0}
  m_PrefabInstance: {fileID: 0}
  m_PrefabAsset: {fileID: 0}
  m_GameObject: {fileID: 3491765107648122080}
  m_Enabled: 1
  m_CastShadows: 1
  m_ReceiveShadows: 1
  m_DynamicOccludee: 1
  m_MotionVectors: 1
  m_LightProbeUsage: 1
  m_ReflectionProbeUsage: 1
  m_RayTracingMode: 0
  m_RenderingLayerMask: 1
  m_RendererPriority: 0
  m_Materials:
  - {fileID: 2100000, guid: fd5d3fef8a38b6348ab534fe336b7350, type: 2}
  m_StaticBatchInfo:
    firstSubMesh: 0
    subMeshCount: 0
  m_StaticBatchRoot: {fileID: 0}
  m_ProbeAnchor: {fileID: 0}
  m_LightProbeVolumeOverride: {fileID: 0}
  m_ScaleInLightmap: 1
  m_ReceiveGI: 1
  m_PreserveUVs: 0
  m_IgnoreNormalsForChartDetection: 0
  m_ImportantGI: 0
  m_StitchLightmapSeams: 0
  m_SelectedEditorRenderState: 3
  m_MinimumChartSize: 4
  m_AutoUVMaxDistance: 0.5
  m_AutoUVMaxAngle: 89
  m_LightmapParameters: {fileID: 0}
  m_SortingLayerID: 0
  m_SortingLayer: 0
  m_SortingOrder: 0
  serializedVersion: 2
  m_Quality: 0
  m_UpdateWhenOffscreen: 0
  m_SkinnedMotionVectors: 1
  m_Mesh: {fileID: 4300000, guid: 9c3eba06d4ca5b74ebb3854a5d047d27, type: 3}
  m_Bones:
  - {fileID: 3491765107648614608}
  - {fileID: 3491765107648614636}
  - {fileID: 3491765107648614612}
  - {fileID: 3491765107648614560}
  - {fileID: 3491765107648614566}
  - {fileID: 3491765107648614610}
  - {fileID: 3491765107648614604}
  - {fileID: 3491765107648614616}
  - {fileID: 3491765107648614620}
  - {fileID: 3491765107648614624}
  - {fileID: 3491765107648614596}
  - {fileID: 3491765107648614556}
  - {fileID: 3491765107648614628}
  - {fileID: 3491765107648614632}
  - {fileID: 3491765107648614724}
  - {fileID: 3491765107648614586}
  - {fileID: 3491765107648614530}
  - {fileID: 3491765107648614558}
  - {fileID: 3491765107648614568}
  - {fileID: 3491765107648614562}
  - {fileID: 3491765107648614640}
  - {fileID: 3491765107648614738}
  - {fileID: 3491765107648614732}
  - {fileID: 3491765107648614736}
  - {fileID: 3491765107648614644}
  - {fileID: 3491765107648614654}
  - {fileID: 3491765107648614728}
  - {fileID: 3491765107648614730}
  - {fileID: 3491765107648614726}
  - {fileID: 3491765107648614652}
  - {fileID: 3491765107648614648}
  - {fileID: 3491765107648614600}
  - {fileID: 3491765107648614720}
  - {fileID: 3491765107648614722}
  - {fileID: 3491765107648614588}
  - {fileID: 3491765107648614564}
  - {fileID: 3491765107648614590}
  - {fileID: 3491765107648614584}
  - {fileID: 3491765107648614542}
  - {fileID: 3491765107648614536}
  - {fileID: 3491765107648614528}
  - {fileID: 3491765107648614646}
  - {fileID: 3491765107648614580}
  - {fileID: 3491765107648614534}
  - {fileID: 3491765107648614538}
  - {fileID: 3491765107648614582}
  - {fileID: 3491765107648614576}
  - {fileID: 3491765107648614578}
  - {fileID: 3491765107648614570}
  - {fileID: 3491765107648614572}
  - {fileID: 3491765107648614574}
  - {fileID: 3491765107648614650}
  - {fileID: 3491765107648614532}
  - {fileID: 3491765107648614734}
  m_BlendShapeWeights: []
  m_RootBone: {fileID: 3491765107648614636}
  m_AABB:
    m_Center: {x: -0.30418283, y: 0.08862679, z: -0.0022090375}
    m_Extent: {x: 0.7551716, y: 0.4754529, z: 0.47868767}
  m_DirtyAABB: 0
--- !u!1 &3491765107648122082
GameObject:
  m_ObjectHideFlags: 0
  m_CorrespondingSourceObject: {fileID: 0}
  m_PrefabInstance: {fileID: 0}
  m_PrefabAsset: {fileID: 0}
  serializedVersion: 6
  m_Component:
  - component: {fileID: 3491765107648614594}
  - component: {fileID: 3491765107655524130}
  - component: {fileID: 1410813771}
  - component: {fileID: 1410813767}
  - component: {fileID: 1410813768}
  - component: {fileID: 1410813769}
  - component: {fileID: 4971892998234599236}
  m_Layer: 12
  m_Name: Flower Pot Monster
  m_TagString: Enemy
  m_Icon: {fileID: 0}
  m_NavMeshLayer: 0
  m_StaticEditorFlags: 0
  m_IsActive: 1
--- !u!4 &3491765107648614594
Transform:
  m_ObjectHideFlags: 0
  m_CorrespondingSourceObject: {fileID: 0}
  m_PrefabInstance: {fileID: 0}
  m_PrefabAsset: {fileID: 0}
  m_GameObject: {fileID: 3491765107648122082}
  m_LocalRotation: {x: 0, y: 0, z: 0, w: 1}
  m_LocalPosition: {x: 0, y: 0, z: 0}
  m_LocalScale: {x: 1, y: 1, z: 1}
  m_Children:
  - {fileID: 3491765107648614592}
  - {fileID: 3491765107648614598}
  - {fileID: 3491765107648614602}
  - {fileID: 3491765107648614606}
  - {fileID: 3491765107648614614}
  - {fileID: 3491765107648614618}
  - {fileID: 3491765107648614622}
  - {fileID: 3491765107648614626}
  - {fileID: 3491765107648614630}
  - {fileID: 3491765107648614634}
  - {fileID: 3491765107648614638}
  - {fileID: 3491765107648614636}
  - {fileID: 3491765107648614642}
  m_Father: {fileID: 0}
  m_RootOrder: 0
  m_LocalEulerAnglesHint: {x: 0, y: 0, z: 0}
--- !u!95 &3491765107655524130
Animator:
  serializedVersion: 3
  m_ObjectHideFlags: 0
  m_CorrespondingSourceObject: {fileID: 0}
  m_PrefabInstance: {fileID: 0}
  m_PrefabAsset: {fileID: 0}
  m_GameObject: {fileID: 3491765107648122082}
  m_Enabled: 1
  m_Avatar: {fileID: 9000000, guid: 9c3eba06d4ca5b74ebb3854a5d047d27, type: 3}
  m_Controller: {fileID: 9100000, guid: 3cc14d28a9818524ba8d8f52bb5c5c07, type: 2}
  m_CullingMode: 1
  m_UpdateMode: 0
  m_ApplyRootMotion: 0
  m_LinearVelocityBlending: 0
  m_WarningMessage: 
  m_HasTransformHierarchy: 1
  m_AllowConstantClipSamplingOptimization: 1
  m_KeepAnimatorControllerStateOnDisable: 0
--- !u!135 &1410813771
SphereCollider:
  m_ObjectHideFlags: 0
  m_CorrespondingSourceObject: {fileID: 0}
  m_PrefabInstance: {fileID: 0}
  m_PrefabAsset: {fileID: 0}
  m_GameObject: {fileID: 3491765107648122082}
  m_Material: {fileID: 0}
  m_IsTrigger: 1
  m_Enabled: 1
  serializedVersion: 2
  m_Radius: 5
  m_Center: {x: 0, y: 0, z: 0}
--- !u!195 &1410813767
NavMeshAgent:
  m_ObjectHideFlags: 0
  m_CorrespondingSourceObject: {fileID: 0}
  m_PrefabInstance: {fileID: 0}
  m_PrefabAsset: {fileID: 0}
  m_GameObject: {fileID: 3491765107648122082}
  m_Enabled: 1
  m_AgentTypeID: 0
  m_Radius: 0.5
  m_Speed: 3.5
  m_Acceleration: 8
  avoidancePriority: 50
  m_AngularSpeed: 120
  m_StoppingDistance: 0
  m_AutoTraverseOffMeshLink: 1
  m_AutoBraking: 1
  m_AutoRepath: 1
  m_Height: 1
  m_BaseOffset: 0
  m_WalkableMask: 4294967295
  m_ObstacleAvoidanceType: 4
--- !u!114 &1410813768
MonoBehaviour:
  m_ObjectHideFlags: 0
  m_CorrespondingSourceObject: {fileID: 0}
  m_PrefabInstance: {fileID: 0}
  m_PrefabAsset: {fileID: 0}
  m_GameObject: {fileID: 3491765107648122082}
  m_Enabled: 1
  m_EditorHideFlags: 0
  m_Script: {fileID: 11500000, guid: 4b52582507571fa45860a6b600695bd1, type: 3}
  m_Name: 
  m_EditorClassIdentifier: 
  distance: 5
  fieldOfViewAngle: 360
  damage: 0
  position:
  - {fileID: 0}
  - {fileID: 0}
  - {fileID: 0}
  bulletParent: {fileID: 0}
  bullet: {fileID: 0}
  head: {fileID: 0}
  stationary: 0
--- !u!114 &1410813769
MonoBehaviour:
  m_ObjectHideFlags: 0
  m_CorrespondingSourceObject: {fileID: 0}
  m_PrefabInstance: {fileID: 0}
  m_PrefabAsset: {fileID: 0}
  m_GameObject: {fileID: 3491765107648122082}
  m_Enabled: 1
  m_EditorHideFlags: 0
  m_Script: {fileID: 11500000, guid: 4ba3a8efec5c27a47a8bb8672b9d5209, type: 3}
  m_Name: 
  m_EditorClassIdentifier: 
  health: 3
--- !u!54 &4971892998234599236
Rigidbody:
  m_ObjectHideFlags: 0
  m_CorrespondingSourceObject: {fileID: 0}
  m_PrefabInstance: {fileID: 0}
  m_PrefabAsset: {fileID: 0}
  m_GameObject: {fileID: 3491765107648122082}
  serializedVersion: 2
  m_Mass: 1
  m_Drag: 0
  m_AngularDrag: 0.05
  m_UseGravity: 0
  m_IsKinematic: 1
  m_Interpolate: 0
  m_Constraints: 0
  m_CollisionDetection: 0
--- !u!1 &3491765107648122084
GameObject:
  m_ObjectHideFlags: 0
  m_CorrespondingSourceObject: {fileID: 0}
  m_PrefabInstance: {fileID: 0}
  m_PrefabAsset: {fileID: 0}
  serializedVersion: 6
  m_Component:
  - component: {fileID: 3491765107648614596}
  m_Layer: 12
  m_Name: RigHead
  m_TagString: Untagged
  m_Icon: {fileID: 0}
  m_NavMeshLayer: 0
  m_StaticEditorFlags: 0
  m_IsActive: 1
--- !u!4 &3491765107648614596
Transform:
  m_ObjectHideFlags: 0
  m_CorrespondingSourceObject: {fileID: 0}
  m_PrefabInstance: {fileID: 0}
  m_PrefabAsset: {fileID: 0}
  m_GameObject: {fileID: 3491765107648122084}
  m_LocalRotation: {x: -0.000000021784397, y: 0.00000017403555, z: 0.6145292, w: 0.7888941}
  m_LocalPosition: {x: -0.18464927, y: -0.000000076293944, z: 0}
  m_LocalScale: {x: 1, y: 1, z: 1}
  m_Children:
  - {fileID: 3491765107648614600}
  - {fileID: 3491765107648614640}
  - {fileID: 3491765107648614530}
  - {fileID: 3491765107648614724}
  - {fileID: 3491765107648614558}
  - {fileID: 3491765107648614568}
  - {fileID: 3491765107648614586}
  m_Father: {fileID: 3491765107648614632}
  m_RootOrder: 0
  m_LocalEulerAnglesHint: {x: -0.90760636, y: -4.2590065, z: 93.70727}
--- !u!1 &3491765107648122086
GameObject:
  m_ObjectHideFlags: 0
  m_CorrespondingSourceObject: {fileID: 0}
  m_PrefabInstance: {fileID: 0}
  m_PrefabAsset: {fileID: 0}
  serializedVersion: 6
  m_Component:
  - component: {fileID: 3491765107648614598}
  m_Layer: 12
  m_Name: Rig
  m_TagString: Untagged
  m_Icon: {fileID: 0}
  m_NavMeshLayer: 0
  m_StaticEditorFlags: 0
  m_IsActive: 1
--- !u!4 &3491765107648614598
Transform:
  m_ObjectHideFlags: 0
  m_CorrespondingSourceObject: {fileID: 0}
  m_PrefabInstance: {fileID: 0}
  m_PrefabAsset: {fileID: 0}
  m_GameObject: {fileID: 3491765107648122086}
  m_LocalRotation: {x: 0.50000006, y: -0.50000006, z: -0.49999997, w: 0.49999997}
  m_LocalPosition: {x: -0, y: 0, z: 0}
  m_LocalScale: {x: 1, y: 1, z: 1}
  m_Children: []
  m_Father: {fileID: 3491765107648614594}
  m_RootOrder: 1
  m_LocalEulerAnglesHint: {x: 0, y: 0, z: 0}
--- !u!1 &3491765107648122088
GameObject:
  m_ObjectHideFlags: 0
  m_CorrespondingSourceObject: {fileID: 0}
  m_PrefabInstance: {fileID: 0}
  m_PrefabAsset: {fileID: 0}
  serializedVersion: 6
  m_Component:
  - component: {fileID: 3491765107648614600}
  m_Layer: 12
  m_Name: RigJaw
  m_TagString: Untagged
  m_Icon: {fileID: 0}
  m_NavMeshLayer: 0
  m_StaticEditorFlags: 0
  m_IsActive: 1
--- !u!4 &3491765107648614600
Transform:
  m_ObjectHideFlags: 0
  m_CorrespondingSourceObject: {fileID: 0}
  m_PrefabInstance: {fileID: 0}
  m_PrefabAsset: {fileID: 0}
  m_GameObject: {fileID: 3491765107648122088}
  m_LocalRotation: {x: -0.00000004758518, y: -0.00000009276571, z: -0.7372773, w: 0.6755902}
  m_LocalPosition: {x: 0.052850645, y: 0.11985552, z: -0.00000002940228}
  m_LocalScale: {x: 1, y: 1, z: 1}
  m_Children: []
  m_Father: {fileID: 3491765107648614596}
  m_RootOrder: 0
  m_LocalEulerAnglesHint: {x: -0.1311028, y: -0.65074104, z: -135.91805}
--- !u!1 &3491765107648122090
GameObject:
  m_ObjectHideFlags: 0
  m_CorrespondingSourceObject: {fileID: 0}
  m_PrefabInstance: {fileID: 0}
  m_PrefabAsset: {fileID: 0}
  serializedVersion: 6
  m_Component:
  - component: {fileID: 3491765107648614602}
  - component: {fileID: 3311333115850514844}
  m_Layer: 12
  m_Name: RigHeadGizmo
  m_TagString: Untagged
  m_Icon: {fileID: 0}
  m_NavMeshLayer: 0
  m_StaticEditorFlags: 0
  m_IsActive: 1
--- !u!4 &3491765107648614602
Transform:
  m_ObjectHideFlags: 0
  m_CorrespondingSourceObject: {fileID: 0}
  m_PrefabInstance: {fileID: 0}
  m_PrefabAsset: {fileID: 0}
  m_GameObject: {fileID: 3491765107648122090}
  m_LocalRotation: {x: 0.46389872, y: -0.5336643, z: -0.46389914, w: 0.5336647}
  m_LocalPosition: {x: -0.0000000054954805, y: 0.7388121, z: -0.16991407}
  m_LocalScale: {x: 1, y: 1, z: 1}
  m_Children: []
  m_Father: {fileID: 3491765107648614594}
  m_RootOrder: 2
  m_LocalEulerAnglesHint: {x: 9.765133, y: -88.75186, z: -82.6385}
--- !u!65 &3311333115850514844
BoxCollider:
  m_ObjectHideFlags: 0
  m_CorrespondingSourceObject: {fileID: 0}
  m_PrefabInstance: {fileID: 0}
  m_PrefabAsset: {fileID: 0}
  m_GameObject: {fileID: 3491765107648122090}
  m_Material: {fileID: 0}
  m_IsTrigger: 0
  m_Enabled: 1
  serializedVersion: 2
  m_Size: {x: 1.079319, y: 0.7758877, z: 1}
  m_Center: {x: 0.0396595, y: 0.112056136, z: 0}
--- !u!1 &3491765107648122092
GameObject:
  m_ObjectHideFlags: 0
  m_CorrespondingSourceObject: {fileID: 0}
  m_PrefabInstance: {fileID: 0}
  m_PrefabAsset: {fileID: 0}
  serializedVersion: 6
  m_Component:
  - component: {fileID: 3491765107648614604}
  m_Layer: 12
  m_Name: RigLLeg1
  m_TagString: Untagged
  m_Icon: {fileID: 0}
  m_NavMeshLayer: 0
  m_StaticEditorFlags: 0
  m_IsActive: 1
--- !u!4 &3491765107648614604
Transform:
  m_ObjectHideFlags: 0
  m_CorrespondingSourceObject: {fileID: 0}
  m_PrefabInstance: {fileID: 0}
  m_PrefabAsset: {fileID: 0}
  m_GameObject: {fileID: 3491765107648122092}
  m_LocalRotation: {x: -0.25879347, y: 0.9658308, z: 0.013957884, w: 0.0014337195}
  m_LocalPosition: {x: -0, y: -0.0000000057328906, z: -0.000000004768341}
  m_LocalScale: {x: 0.99999994, y: 1, z: 1}
  m_Children:
  - {fileID: 3491765107648614610}
  m_Father: {fileID: 3491765107648614636}
  m_RootOrder: 0
  m_LocalEulerAnglesHint: {x: -1.5294979, y: 179.66286, z: 12.450213}
--- !u!1 &3491765107648122094
GameObject:
  m_ObjectHideFlags: 0
  m_CorrespondingSourceObject: {fileID: 0}
  m_PrefabInstance: {fileID: 0}
  m_PrefabAsset: {fileID: 0}
  serializedVersion: 6
  m_Component:
  - component: {fileID: 3491765107648614606}
  m_Layer: 12
  m_Name: RigJawGizmo
  m_TagString: Untagged
  m_Icon: {fileID: 0}
  m_NavMeshLayer: 0
  m_StaticEditorFlags: 0
  m_IsActive: 1
--- !u!4 &3491765107648614606
Transform:
  m_ObjectHideFlags: 0
  m_CorrespondingSourceObject: {fileID: 0}
  m_PrefabInstance: {fileID: 0}
  m_PrefabAsset: {fileID: 0}
  m_GameObject: {fileID: 3491765107648122094}
  m_LocalRotation: {x: 0.70686436, y: -0.018516488, z: -0.70686436, w: 0.018516205}
  m_LocalPosition: {x: 8.7438934e-10, y: 0.7031587, z: -0.043868903}
  m_LocalScale: {x: 1, y: 1, z: 1}
  m_Children: []
  m_Father: {fileID: 3491765107648614594}
  m_RootOrder: 3
  m_LocalEulerAnglesHint: {x: 9.069676, y: -88.767265, z: 141.2056}
--- !u!1 &3491765107648122096
GameObject:
  m_ObjectHideFlags: 0
  m_CorrespondingSourceObject: {fileID: 0}
  m_PrefabInstance: {fileID: 0}
  m_PrefabAsset: {fileID: 0}
  serializedVersion: 6
  m_Component:
  - component: {fileID: 3491765107648614608}
  m_Layer: 12
  m_Name: RigLLegAnkle
  m_TagString: Untagged
  m_Icon: {fileID: 0}
  m_NavMeshLayer: 0
  m_StaticEditorFlags: 0
  m_IsActive: 1
--- !u!4 &3491765107648614608
Transform:
  m_ObjectHideFlags: 0
  m_CorrespondingSourceObject: {fileID: 0}
  m_PrefabInstance: {fileID: 0}
  m_PrefabAsset: {fileID: 0}
  m_GameObject: {fileID: 3491765107648122096}
  m_LocalRotation: {x: 0.024822459, y: -0.005963301, z: -0.36677116, w: 0.9299609}
  m_LocalPosition: {x: -0.1248994, y: -0.0000000011920929, z: 9.313225e-11}
  m_LocalScale: {x: 0.99999976, y: 1.0000001, z: 1}
  m_Children: []
  m_Father: {fileID: 3491765107648614610}
  m_RootOrder: 0
  m_LocalEulerAnglesHint: {x: 3.1568637, y: -0.000004061588, z: -37.116985}
--- !u!1 &3491765107648122098
GameObject:
  m_ObjectHideFlags: 0
  m_CorrespondingSourceObject: {fileID: 0}
  m_PrefabInstance: {fileID: 0}
  m_PrefabAsset: {fileID: 0}
  serializedVersion: 6
  m_Component:
  - component: {fileID: 3491765107648614610}
  m_Layer: 12
  m_Name: RigLLeg2
  m_TagString: Untagged
  m_Icon: {fileID: 0}
  m_NavMeshLayer: 0
  m_StaticEditorFlags: 0
  m_IsActive: 1
--- !u!4 &3491765107648614610
Transform:
  m_ObjectHideFlags: 0
  m_CorrespondingSourceObject: {fileID: 0}
  m_PrefabInstance: {fileID: 0}
  m_PrefabAsset: {fileID: 0}
  m_GameObject: {fileID: 3491765107648122098}
  m_LocalRotation: {x: -0.01330834, y: -0.0016121014, z: 0.3514609, w: 0.9361066}
  m_LocalPosition: {x: -0.08874825, y: 0.0000000047683715, z: 0}
  m_LocalScale: {x: 1.0000001, y: 1.0000001, z: 0.99999994}
  m_Children:
  - {fileID: 3491765107648614608}
  m_Father: {fileID: 3491765107648614604}
  m_RootOrder: 0
  m_LocalEulerAnglesHint: {x: -1.5891737, y: -0.0000011995553, z: 0.000060111954}
--- !u!1 &3491765107648122100
GameObject:
  m_ObjectHideFlags: 0
  m_CorrespondingSourceObject: {fileID: 0}
  m_PrefabInstance: {fileID: 0}
  m_PrefabAsset: {fileID: 0}
  serializedVersion: 6
  m_Component:
  - component: {fileID: 3491765107648614612}
  m_Layer: 12
  m_Name: RigNeck1
  m_TagString: Untagged
  m_Icon: {fileID: 0}
  m_NavMeshLayer: 0
  m_StaticEditorFlags: 0
  m_IsActive: 1
--- !u!4 &3491765107648614612
Transform:
  m_ObjectHideFlags: 0
  m_CorrespondingSourceObject: {fileID: 0}
  m_PrefabInstance: {fileID: 0}
  m_PrefabAsset: {fileID: 0}
  m_GameObject: {fileID: 3491765107648122100}
  m_LocalRotation: {x: 0.000000003332233, y: 0.0000000305996, z: 0.11749881, w: 0.99307305}
  m_LocalPosition: {x: -0.030997353, y: 0.000000006405048, z: 6.1817735e-16}
  m_LocalScale: {x: 1.0000002, y: 1.0000002, z: 1}
  m_Children:
  - {fileID: 3491765107648614616}
  m_Father: {fileID: 3491765107648614636}
  m_RootOrder: 1
  m_LocalEulerAnglesHint: {x: 0.019775398, y: 0.2051935, z: -3.4709525}
--- !u!1 &3491765107648122102
GameObject:
  m_ObjectHideFlags: 0
  m_CorrespondingSourceObject: {fileID: 0}
  m_PrefabInstance: {fileID: 0}
  m_PrefabAsset: {fileID: 0}
  serializedVersion: 6
  m_Component:
  - component: {fileID: 3491765107648614614}
  m_Layer: 12
  m_Name: RigLLegPlatform
  m_TagString: Untagged
  m_Icon: {fileID: 0}
  m_NavMeshLayer: 0
  m_StaticEditorFlags: 0
  m_IsActive: 1
--- !u!4 &3491765107648614614
Transform:
  m_ObjectHideFlags: 0
  m_CorrespondingSourceObject: {fileID: 0}
  m_PrefabInstance: {fileID: 0}
  m_PrefabAsset: {fileID: 0}
  m_GameObject: {fileID: 3491765107648122102}
  m_LocalRotation: {x: 0.50000006, y: -0.50000006, z: -0.49999994, w: 0.49999994}
  m_LocalPosition: {x: 0.0000000011914835, y: 0.000000004440826, z: 0.027257595}
  m_LocalScale: {x: 1, y: 1, z: 1}
  m_Children: []
  m_Father: {fileID: 3491765107648614594}
  m_RootOrder: 4
  m_LocalEulerAnglesHint: {x: 0, y: 0, z: 0}
--- !u!1 &3491765107648122104
GameObject:
  m_ObjectHideFlags: 0
  m_CorrespondingSourceObject: {fileID: 0}
  m_PrefabInstance: {fileID: 0}
  m_PrefabAsset: {fileID: 0}
  serializedVersion: 6
  m_Component:
  - component: {fileID: 3491765107648614616}
  m_Layer: 12
  m_Name: RigNeck2
  m_TagString: Untagged
  m_Icon: {fileID: 0}
  m_NavMeshLayer: 0
  m_StaticEditorFlags: 0
  m_IsActive: 1
--- !u!4 &3491765107648614616
Transform:
  m_ObjectHideFlags: 0
  m_CorrespondingSourceObject: {fileID: 0}
  m_PrefabInstance: {fileID: 0}
  m_PrefabAsset: {fileID: 0}
  m_GameObject: {fileID: 3491765107648122104}
  m_LocalRotation: {x: -0.00000008434608, y: -0.00000003560243, z: 0.23618665, w: 0.97170776}
  m_LocalPosition: {x: -0.108828045, y: 0.0000000047683715, z: -1.1368684e-15}
  m_LocalScale: {x: 0.9999998, y: 0.9999998, z: 1}
  m_Children:
  - {fileID: 3491765107648614620}
  m_Father: {fileID: 3491765107648614612}
  m_RootOrder: 0
  m_LocalEulerAnglesHint: {x: 0.8261465, y: 1.0596813, z: 4.8444858}
--- !u!1 &3491765107648122106
GameObject:
  m_ObjectHideFlags: 0
  m_CorrespondingSourceObject: {fileID: 0}
  m_PrefabInstance: {fileID: 0}
  m_PrefabAsset: {fileID: 0}
  serializedVersion: 6
  m_Component:
  - component: {fileID: 3491765107648614618}
  m_Layer: 12
  m_Name: RigNeck1Gizmo
  m_TagString: Untagged
  m_Icon: {fileID: 0}
  m_NavMeshLayer: 0
  m_StaticEditorFlags: 0
  m_IsActive: 1
--- !u!4 &3491765107648614618
Transform:
  m_ObjectHideFlags: 0
  m_CorrespondingSourceObject: {fileID: 0}
  m_PrefabInstance: {fileID: 0}
  m_PrefabAsset: {fileID: 0}
  m_GameObject: {fileID: 3491765107648122106}
  m_LocalRotation: {x: 0.40984753, y: -0.57621616, z: -0.40984738, w: 0.57621616}
  m_LocalPosition: {x: 0.0000000061506094, y: 0.27984482, z: -0.0560256}
  m_LocalScale: {x: 1.0000001, y: 1.0000001, z: 1}
  m_Children: []
  m_Father: {fileID: 3491765107648614594}
  m_RootOrder: 5
  m_LocalEulerAnglesHint: {x: 0.1693184, y: -90.08542, z: -114.759476}
--- !u!1 &3491765107648122108
GameObject:
  m_ObjectHideFlags: 0
  m_CorrespondingSourceObject: {fileID: 0}
  m_PrefabInstance: {fileID: 0}
  m_PrefabAsset: {fileID: 0}
  serializedVersion: 6
  m_Component:
  - component: {fileID: 3491765107648614620}
  m_Layer: 12
  m_Name: RigNeck3
  m_TagString: Untagged
  m_Icon: {fileID: 0}
  m_NavMeshLayer: 0
  m_StaticEditorFlags: 0
  m_IsActive: 1
--- !u!4 &3491765107648614620
Transform:
  m_ObjectHideFlags: 0
  m_CorrespondingSourceObject: {fileID: 0}
  m_PrefabInstance: {fileID: 0}
  m_PrefabAsset: {fileID: 0}
  m_GameObject: {fileID: 3491765107648122108}
  m_LocalRotation: {x: 0.00000008476041, y: 0.000000062804304, z: 0.16248761, w: 0.9867106}
  m_LocalPosition: {x: -0.11104965, y: 0.000000019073486, z: 2.2737367e-15}
  m_LocalScale: {x: 1.0000001, y: 1.0000001, z: 1}
  m_Children:
  - {fileID: 3491765107648614624}
  m_Father: {fileID: 3491765107648614616}
  m_RootOrder: 0
  m_LocalEulerAnglesHint: {x: 2.080042, y: 0.92770916, z: 11.311975}
--- !u!1 &3491765107648122110
GameObject:
  m_ObjectHideFlags: 0
  m_CorrespondingSourceObject: {fileID: 0}
  m_PrefabInstance: {fileID: 0}
  m_PrefabAsset: {fileID: 0}
  serializedVersion: 6
  m_Component:
  - component: {fileID: 3491765107648614622}
  m_Layer: 12
  m_Name: RigNeck2Gizmo
  m_TagString: Untagged
  m_Icon: {fileID: 0}
  m_NavMeshLayer: 0
  m_StaticEditorFlags: 0
  m_IsActive: 1
--- !u!4 &3491765107648614622
Transform:
  m_ObjectHideFlags: 0
  m_CorrespondingSourceObject: {fileID: 0}
  m_PrefabInstance: {fileID: 0}
  m_PrefabAsset: {fileID: 0}
  m_GameObject: {fileID: 3491765107648122110}
  m_LocalRotation: {x: 0.2621575, y: -0.65671426, z: -0.26215723, w: 0.65671414}
  m_LocalPosition: {x: -0.0000000074457094, y: 0.38264847, z: -0.09173212}
  m_LocalScale: {x: 1, y: 1, z: 1}
  m_Children: []
  m_Father: {fileID: 3491765107648614594}
  m_RootOrder: 6
  m_LocalEulerAnglesHint: {x: 0.80224824, y: -91.36345, z: -110.4884}
--- !u!1 &3491765107648122176
GameObject:
  m_ObjectHideFlags: 0
  m_CorrespondingSourceObject: {fileID: 0}
  m_PrefabInstance: {fileID: 0}
  m_PrefabAsset: {fileID: 0}
  serializedVersion: 6
  m_Component:
  - component: {fileID: 3491765107648614560}
  m_Layer: 12
  m_Name: RigPetal S4
  m_TagString: Untagged
  m_Icon: {fileID: 0}
  m_NavMeshLayer: 0
  m_StaticEditorFlags: 0
  m_IsActive: 1
--- !u!4 &3491765107648614560
Transform:
  m_ObjectHideFlags: 0
  m_CorrespondingSourceObject: {fileID: 0}
  m_PrefabInstance: {fileID: 0}
  m_PrefabAsset: {fileID: 0}
  m_GameObject: {fileID: 3491765107648122176}
  m_LocalRotation: {x: 0.0000000068697736, y: 0.000000042400615, z: 0.23681356, w: 0.9715551}
  m_LocalPosition: {x: -0.12717338, y: 0, z: 0}
  m_LocalScale: {x: 1.0000001, y: 1.0000001, z: 1}
  m_Children:
  - {fileID: 3491765107648614566}
  m_Father: {fileID: 3491765107648614562}
  m_RootOrder: 0
  m_LocalEulerAnglesHint: {x: 0.0000013457625, y: -0.000011553645, z: 22.33033}
--- !u!1 &3491765107648122178
GameObject:
  m_ObjectHideFlags: 0
  m_CorrespondingSourceObject: {fileID: 0}
  m_PrefabInstance: {fileID: 0}
  m_PrefabAsset: {fileID: 0}
  serializedVersion: 6
  m_Component:
  - component: {fileID: 3491765107648614562}
  m_Layer: 12
  m_Name: RigPetal S3
  m_TagString: Untagged
  m_Icon: {fileID: 0}
  m_NavMeshLayer: 0
  m_StaticEditorFlags: 0
  m_IsActive: 1
--- !u!4 &3491765107648614562
Transform:
  m_ObjectHideFlags: 0
  m_CorrespondingSourceObject: {fileID: 0}
  m_PrefabInstance: {fileID: 0}
  m_PrefabAsset: {fileID: 0}
  m_GameObject: {fileID: 3491765107648122178}
  m_LocalRotation: {x: 0.000000006495415, y: 0.00000004563188, z: 0.23735963, w: 0.9714219}
  m_LocalPosition: {x: -0.11787536, y: -0.000000038146972, z: -4.5474734e-15}
  m_LocalScale: {x: 1.0000001, y: 1.0000001, z: 1}
  m_Children:
  - {fileID: 3491765107648614560}
  m_Father: {fileID: 3491765107648614556}
  m_RootOrder: 0
  m_LocalEulerAnglesHint: {x: -0.000007106756, y: -0.0000043019204, z: 24.824903}
--- !u!1 &3491765107648122180
GameObject:
  m_ObjectHideFlags: 0
  m_CorrespondingSourceObject: {fileID: 0}
  m_PrefabInstance: {fileID: 0}
  m_PrefabAsset: {fileID: 0}
  serializedVersion: 6
  m_Component:
  - component: {fileID: 3491765107648614564}
  m_Layer: 12
  m_Name: RigPetal S6
  m_TagString: Untagged
  m_Icon: {fileID: 0}
  m_NavMeshLayer: 0
  m_StaticEditorFlags: 0
  m_IsActive: 1
--- !u!4 &3491765107648614564
Transform:
  m_ObjectHideFlags: 0
  m_CorrespondingSourceObject: {fileID: 0}
  m_PrefabInstance: {fileID: 0}
  m_PrefabAsset: {fileID: 0}
  m_GameObject: {fileID: 3491765107648122180}
  m_LocalRotation: {x: 0.0000000012190555, y: 0.000000007214556, z: 0.13914509, w: 0.990272}
  m_LocalPosition: {x: -0.11245494, y: 0.000000038146972, z: -4.5474734e-15}
  m_LocalScale: {x: 1.0000001, y: 1.0000001, z: 1}
  m_Children:
  - {fileID: 3491765107648614570}
  m_Father: {fileID: 3491765107648614566}
  m_RootOrder: 0
  m_LocalEulerAnglesHint: {x: 0.0000049638193, y: 0.0000045034512, z: -1.495965}
--- !u!1 &3491765107648122182
GameObject:
  m_ObjectHideFlags: 0
  m_CorrespondingSourceObject: {fileID: 0}
  m_PrefabInstance: {fileID: 0}
  m_PrefabAsset: {fileID: 0}
  serializedVersion: 6
  m_Component:
  - component: {fileID: 3491765107648614566}
  m_Layer: 12
  m_Name: RigPetal S5
  m_TagString: Untagged
  m_Icon: {fileID: 0}
  m_NavMeshLayer: 0
  m_StaticEditorFlags: 0
  m_IsActive: 1
--- !u!4 &3491765107648614566
Transform:
  m_ObjectHideFlags: 0
  m_CorrespondingSourceObject: {fileID: 0}
  m_PrefabInstance: {fileID: 0}
  m_PrefabAsset: {fileID: 0}
  m_GameObject: {fileID: 3491765107648122182}
  m_LocalRotation: {x: 0.0000000050218807, y: 0.000000040573855, z: 0.2000796, w: 0.97977966}
  m_LocalPosition: {x: -0.13098036, y: 0, z: -9.094947e-15}
  m_LocalScale: {x: 1, y: 1, z: 1}
  m_Children:
  - {fileID: 3491765107648614564}
  m_Father: {fileID: 3491765107648614560}
  m_RootOrder: 0
  m_LocalEulerAnglesHint: {x: 0.000005649206, y: -0.0000030184685, z: 8.044821}
--- !u!1 &3491765107648122184
GameObject:
  m_ObjectHideFlags: 0
  m_CorrespondingSourceObject: {fileID: 0}
  m_PrefabInstance: {fileID: 0}
  m_PrefabAsset: {fileID: 0}
  serializedVersion: 6
  m_Component:
  - component: {fileID: 3491765107648614568}
  m_Layer: 12
  m_Name: RigPetal SE1
  m_TagString: Untagged
  m_Icon: {fileID: 0}
  m_NavMeshLayer: 0
  m_StaticEditorFlags: 0
  m_IsActive: 1
--- !u!4 &3491765107648614568
Transform:
  m_ObjectHideFlags: 0
  m_CorrespondingSourceObject: {fileID: 0}
  m_PrefabInstance: {fileID: 0}
  m_PrefabAsset: {fileID: 0}
  m_GameObject: {fileID: 3491765107648122184}
  m_LocalRotation: {x: -0.09717852, y: 0.86055636, z: 0.01755272, w: 0.4996909}
  m_LocalPosition: {x: 0.0142308045, y: -0.056180704, z: 0.025688503}
  m_LocalScale: {x: 1, y: 1, z: 1}
  m_Children:
  - {fileID: 3491765107648614574}
  m_Father: {fileID: 3491765107648614596}
  m_RootOrder: 5
  m_LocalEulerAnglesHint: {x: 0.43894976, y: 120.444855, z: 1.4535913}
--- !u!1 &3491765107648122186
GameObject:
  m_ObjectHideFlags: 0
  m_CorrespondingSourceObject: {fileID: 0}
  m_PrefabInstance: {fileID: 0}
  m_PrefabAsset: {fileID: 0}
  serializedVersion: 6
  m_Component:
  - component: {fileID: 3491765107648614570}
  m_Layer: 12
  m_Name: RigPetal S7
  m_TagString: Untagged
  m_Icon: {fileID: 0}
  m_NavMeshLayer: 0
  m_StaticEditorFlags: 0
  m_IsActive: 1
--- !u!4 &3491765107648614570
Transform:
  m_ObjectHideFlags: 0
  m_CorrespondingSourceObject: {fileID: 0}
  m_PrefabInstance: {fileID: 0}
  m_PrefabAsset: {fileID: 0}
  m_GameObject: {fileID: 3491765107648122186}
  m_LocalRotation: {x: 0.00000004167138, y: -0.00000004330506, z: -0.013936321, w: 0.9999029}
  m_LocalPosition: {x: -0.10869766, y: 0.000000019073486, z: -4.5474734e-15}
  m_LocalScale: {x: 1.0000001, y: 1.0000001, z: 1}
  m_Children: []
  m_Father: {fileID: 3491765107648614564}
  m_RootOrder: 0
  m_LocalEulerAnglesHint: {x: 0.0000021439514, y: -0.000004064729, z: -7.3163157}
--- !u!1 &3491765107648122188
GameObject:
  m_ObjectHideFlags: 0
  m_CorrespondingSourceObject: {fileID: 0}
  m_PrefabInstance: {fileID: 0}
  m_PrefabAsset: {fileID: 0}
  serializedVersion: 6
  m_Component:
  - component: {fileID: 3491765107648614572}
  m_Layer: 12
  m_Name: RigPetal SE3
  m_TagString: Untagged
  m_Icon: {fileID: 0}
  m_NavMeshLayer: 0
  m_StaticEditorFlags: 0
  m_IsActive: 1
--- !u!4 &3491765107648614572
Transform:
  m_ObjectHideFlags: 0
  m_CorrespondingSourceObject: {fileID: 0}
  m_PrefabInstance: {fileID: 0}
  m_PrefabAsset: {fileID: 0}
  m_GameObject: {fileID: 3491765107648122188}
  m_LocalRotation: {x: 0.0070799147, y: 0.007727708, z: -0.24114257, w: 0.9704331}
  m_LocalPosition: {x: -0.1324485, y: -0.000000019073486, z: 0}
  m_LocalScale: {x: 1.0000001, y: 1, z: 1}
  m_Children:
  - {fileID: 3491765107648614578}
  m_Father: {fileID: 3491765107648614574}
  m_RootOrder: 0
  m_LocalEulerAnglesHint: {x: 0.3724265, y: 0.208119, z: -22.43097}
--- !u!1 &3491765107648122190
GameObject:
  m_ObjectHideFlags: 0
  m_CorrespondingSourceObject: {fileID: 0}
  m_PrefabInstance: {fileID: 0}
  m_PrefabAsset: {fileID: 0}
  serializedVersion: 6
  m_Component:
  - component: {fileID: 3491765107648614574}
  m_Layer: 12
  m_Name: RigPetal SE2
  m_TagString: Untagged
  m_Icon: {fileID: 0}
  m_NavMeshLayer: 0
  m_StaticEditorFlags: 0
  m_IsActive: 1
--- !u!4 &3491765107648614574
Transform:
  m_ObjectHideFlags: 0
  m_CorrespondingSourceObject: {fileID: 0}
  m_PrefabInstance: {fileID: 0}
  m_PrefabAsset: {fileID: 0}
  m_GameObject: {fileID: 3491765107648122190}
  m_LocalRotation: {x: 0.005935454, y: 0.001990668, z: -0.23172192, w: 0.9727619}
  m_LocalPosition: {x: -0.13396297, y: 0.000000019073486, z: 0}
  m_LocalScale: {x: 0.99999994, y: 1, z: 1}
  m_Children:
  - {fileID: 3491765107648614572}
  m_Father: {fileID: 3491765107648614568}
  m_RootOrder: 0
  m_LocalEulerAnglesHint: {x: 0.4263667, y: 0.015147537, z: -21.242592}
--- !u!1 &3491765107648122192
GameObject:
  m_ObjectHideFlags: 0
  m_CorrespondingSourceObject: {fileID: 0}
  m_PrefabInstance: {fileID: 0}
  m_PrefabAsset: {fileID: 0}
  serializedVersion: 6
  m_Component:
  - component: {fileID: 3491765107648614576}
  m_Layer: 12
  m_Name: RigPetal SE5
  m_TagString: Untagged
  m_Icon: {fileID: 0}
  m_NavMeshLayer: 0
  m_StaticEditorFlags: 0
  m_IsActive: 1
--- !u!4 &3491765107648614576
Transform:
  m_ObjectHideFlags: 0
  m_CorrespondingSourceObject: {fileID: 0}
  m_PrefabInstance: {fileID: 0}
  m_PrefabAsset: {fileID: 0}
  m_GameObject: {fileID: 3491765107648122192}
  m_LocalRotation: {x: -0.0037932827, y: 0.012024971, z: -0.21950859, w: 0.9755291}
  m_LocalPosition: {x: -0.13010865, y: -0.000000019073486, z: 0}
  m_LocalScale: {x: 0.99999994, y: 0.9999999, z: 1}
  m_Children:
  - {fileID: 3491765107648614582}
  m_Father: {fileID: 3491765107648614578}
  m_RootOrder: 0
  m_LocalEulerAnglesHint: {x: -0.38405025, y: 0.5547455, z: -14.577244}
--- !u!1 &3491765107648122194
GameObject:
  m_ObjectHideFlags: 0
  m_CorrespondingSourceObject: {fileID: 0}
  m_PrefabInstance: {fileID: 0}
  m_PrefabAsset: {fileID: 0}
  serializedVersion: 6
  m_Component:
  - component: {fileID: 3491765107648614578}
  m_Layer: 12
  m_Name: RigPetal SE4
  m_TagString: Untagged
  m_Icon: {fileID: 0}
  m_NavMeshLayer: 0
  m_StaticEditorFlags: 0
  m_IsActive: 1
--- !u!4 &3491765107648614578
Transform:
  m_ObjectHideFlags: 0
  m_CorrespondingSourceObject: {fileID: 0}
  m_PrefabInstance: {fileID: 0}
  m_PrefabAsset: {fileID: 0}
  m_GameObject: {fileID: 3491765107648122194}
  m_LocalRotation: {x: 0.0026545082, y: 0.01230652, z: -0.24289767, w: 0.9699702}
  m_LocalPosition: {x: -0.13010865, y: 0, z: 0}
  m_LocalScale: {x: 1, y: 0.99999994, z: 1}
  m_Children:
  - {fileID: 3491765107648614576}
  m_Father: {fileID: 3491765107648614572}
  m_RootOrder: 0
  m_LocalEulerAnglesHint: {x: 0.22891378, y: 0.36003655, z: -22.431442}
--- !u!1 &3491765107648122196
GameObject:
  m_ObjectHideFlags: 0
  m_CorrespondingSourceObject: {fileID: 0}
  m_PrefabInstance: {fileID: 0}
  m_PrefabAsset: {fileID: 0}
  serializedVersion: 6
  m_Component:
  - component: {fileID: 3491765107648614580}
  m_Layer: 12
  m_Name: RigPetal SE7
  m_TagString: Untagged
  m_Icon: {fileID: 0}
  m_NavMeshLayer: 0
  m_StaticEditorFlags: 0
  m_IsActive: 1
--- !u!4 &3491765107648614580
Transform:
  m_ObjectHideFlags: 0
  m_CorrespondingSourceObject: {fileID: 0}
  m_PrefabInstance: {fileID: 0}
  m_PrefabAsset: {fileID: 0}
  m_GameObject: {fileID: 3491765107648122196}
  m_LocalRotation: {x: -0.0038986008, y: 0.0050149257, z: 0.1617204, w: 0.98681617}
  m_LocalPosition: {x: -0.14911053, y: 0.000000019073486, z: 0.000000076293944}
  m_LocalScale: {x: 0.99999976, y: 1, z: 1.0000001}
  m_Children: []
  m_Father: {fileID: 3491765107648614582}
  m_RootOrder: 0
  m_LocalEulerAnglesHint: {x: -0.6971901, y: -3.6387985, z: 21.27938}
--- !u!1 &3491765107648122198
GameObject:
  m_ObjectHideFlags: 0
  m_CorrespondingSourceObject: {fileID: 0}
  m_PrefabInstance: {fileID: 0}
  m_PrefabAsset: {fileID: 0}
  serializedVersion: 6
  m_Component:
  - component: {fileID: 3491765107648614582}
  m_Layer: 12
  m_Name: RigPetal SE6
  m_TagString: Untagged
  m_Icon: {fileID: 0}
  m_NavMeshLayer: 0
  m_StaticEditorFlags: 0
  m_IsActive: 1
--- !u!4 &3491765107648614582
Transform:
  m_ObjectHideFlags: 0
  m_CorrespondingSourceObject: {fileID: 0}
  m_PrefabInstance: {fileID: 0}
  m_PrefabAsset: {fileID: 0}
  m_GameObject: {fileID: 3491765107648122198}
  m_LocalRotation: {x: -0.0066509717, y: 0.00820194, z: -0.09745705, w: 0.9951837}
  m_LocalPosition: {x: -0.12030704, y: 0.000000019073486, z: 0.000000076293944}
  m_LocalScale: {x: 0.9999998, y: 0.9999998, z: 1.0000001}
  m_Children:
  - {fileID: 3491765107648614580}
  m_Father: {fileID: 3491765107648614576}
  m_RootOrder: 0
  m_LocalEulerAnglesHint: {x: -0.7505193, y: 4.076943, z: 2.6359234}
--- !u!1 &3491765107648122200
GameObject:
  m_ObjectHideFlags: 0
  m_CorrespondingSourceObject: {fileID: 0}
  m_PrefabInstance: {fileID: 0}
  m_PrefabAsset: {fileID: 0}
  serializedVersion: 6
  m_Component:
  - component: {fileID: 3491765107648614584}
  m_Layer: 12
  m_Name: RigPetal SW2
  m_TagString: Untagged
  m_Icon: {fileID: 0}
  m_NavMeshLayer: 0
  m_StaticEditorFlags: 0
  m_IsActive: 1
--- !u!4 &3491765107648614584
Transform:
  m_ObjectHideFlags: 0
  m_CorrespondingSourceObject: {fileID: 0}
  m_PrefabInstance: {fileID: 0}
  m_PrefabAsset: {fileID: 0}
  m_GameObject: {fileID: 3491765107648122200}
  m_LocalRotation: {x: -0.0059542535, y: -0.0019395832, z: -0.23133406, w: 0.97285426}
  m_LocalPosition: {x: -0.13396297, y: 0, z: 0}
  m_LocalScale: {x: 1, y: 1, z: 1}
  m_Children:
  - {fileID: 3491765107648614590}
  m_Father: {fileID: 3491765107648614586}
  m_RootOrder: 0
  m_LocalEulerAnglesHint: {x: -0.034718342, y: 0.14676629, z: -20.614973}
--- !u!1 &3491765107648122202
GameObject:
  m_ObjectHideFlags: 0
  m_CorrespondingSourceObject: {fileID: 0}
  m_PrefabInstance: {fileID: 0}
  m_PrefabAsset: {fileID: 0}
  serializedVersion: 6
  m_Component:
  - component: {fileID: 3491765107648614586}
  m_Layer: 12
  m_Name: RigPetal SW1
  m_TagString: Untagged
  m_Icon: {fileID: 0}
  m_NavMeshLayer: 0
  m_StaticEditorFlags: 0
  m_IsActive: 1
--- !u!4 &3491765107648614586
Transform:
  m_ObjectHideFlags: 0
  m_CorrespondingSourceObject: {fileID: 0}
  m_PrefabInstance: {fileID: 0}
  m_PrefabAsset: {fileID: 0}
  m_GameObject: {fileID: 3491765107648122202}
  m_LocalRotation: {x: -0.0971731, y: 0.8605565, z: -0.017556021, w: -0.49969167}
  m_LocalPosition: {x: 0.0142308045, y: -0.056180697, z: -0.025688507}
  m_LocalScale: {x: 1, y: 1, z: 1}
  m_Children:
  - {fileID: 3491765107648614584}
  m_Father: {fileID: 3491765107648614596}
  m_RootOrder: 6
  m_LocalEulerAnglesHint: {x: -0.049036033, y: -120.53519, z: 2.0590954}
--- !u!1 &3491765107648122204
GameObject:
  m_ObjectHideFlags: 0
  m_CorrespondingSourceObject: {fileID: 0}
  m_PrefabInstance: {fileID: 0}
  m_PrefabAsset: {fileID: 0}
  serializedVersion: 6
  m_Component:
  - component: {fileID: 3491765107648614588}
  m_Layer: 12
  m_Name: RigPetal SW4
  m_TagString: Untagged
  m_Icon: {fileID: 0}
  m_NavMeshLayer: 0
  m_StaticEditorFlags: 0
  m_IsActive: 1
--- !u!4 &3491765107648614588
Transform:
  m_ObjectHideFlags: 0
  m_CorrespondingSourceObject: {fileID: 0}
  m_PrefabInstance: {fileID: 0}
  m_PrefabAsset: {fileID: 0}
  m_GameObject: {fileID: 3491765107648122204}
  m_LocalRotation: {x: -0.0034000583, y: -0.012130061, z: -0.23812945, w: 0.97115177}
  m_LocalPosition: {x: -0.13010864, y: 0.000000038146972, z: 0}
  m_LocalScale: {x: 1.0000001, y: 0.9999998, z: 1}
  m_Children:
  - {fileID: 3491765107648614722}
  m_Father: {fileID: 3491765107648614590}
  m_RootOrder: 0
  m_LocalEulerAnglesHint: {x: -0.14063288, y: 0.054469906, z: -21.804482}
--- !u!1 &3491765107648122206
GameObject:
  m_ObjectHideFlags: 0
  m_CorrespondingSourceObject: {fileID: 0}
  m_PrefabInstance: {fileID: 0}
  m_PrefabAsset: {fileID: 0}
  serializedVersion: 6
  m_Component:
  - component: {fileID: 3491765107648614590}
  m_Layer: 12
  m_Name: RigPetal SW3
  m_TagString: Untagged
  m_Icon: {fileID: 0}
  m_NavMeshLayer: 0
  m_StaticEditorFlags: 0
  m_IsActive: 1
--- !u!4 &3491765107648614590
Transform:
  m_ObjectHideFlags: 0
  m_CorrespondingSourceObject: {fileID: 0}
  m_PrefabInstance: {fileID: 0}
  m_PrefabAsset: {fileID: 0}
  m_GameObject: {fileID: 3491765107648122206}
  m_LocalRotation: {x: -0.0073023713, y: -0.0075283735, z: -0.23914441, w: 0.9709274}
  m_LocalPosition: {x: -0.1324485, y: 0, z: 0}
  m_LocalScale: {x: 1.0000001, y: 0.99999994, z: 1}
  m_Children:
  - {fileID: 3491765107648614588}
  m_Father: {fileID: 3491765107648614584}
  m_RootOrder: 0
  m_LocalEulerAnglesHint: {x: -0.097898215, y: 0.1147387, z: -21.804577}
--- !u!1 &3491765107648122208
GameObject:
  m_ObjectHideFlags: 0
  m_CorrespondingSourceObject: {fileID: 0}
  m_PrefabInstance: {fileID: 0}
  m_PrefabAsset: {fileID: 0}
  serializedVersion: 6
  m_Component:
  - component: {fileID: 3491765107648614720}
  m_Layer: 12
  m_Name: RigPetal SW6
  m_TagString: Untagged
  m_Icon: {fileID: 0}
  m_NavMeshLayer: 0
  m_StaticEditorFlags: 0
  m_IsActive: 1
--- !u!4 &3491765107648614720
Transform:
  m_ObjectHideFlags: 0
  m_CorrespondingSourceObject: {fileID: 0}
  m_PrefabInstance: {fileID: 0}
  m_PrefabAsset: {fileID: 0}
  m_GameObject: {fileID: 3491765107648122208}
  m_LocalRotation: {x: 0.005150537, y: -0.009133309, z: -0.08734062, w: 0.9961233}
  m_LocalPosition: {x: -0.12030708, y: 0, z: 0}
  m_LocalScale: {x: 0.9999998, y: 0.9999999, z: 1}
  m_Children:
  - {fileID: 3491765107648614726}
  m_Father: {fileID: 3491765107648614722}
  m_RootOrder: 0
  m_LocalEulerAnglesHint: {x: -0.26656112, y: -0.13946313, z: -2.0785646}
--- !u!1 &3491765107648122210
GameObject:
  m_ObjectHideFlags: 0
  m_CorrespondingSourceObject: {fileID: 0}
  m_PrefabInstance: {fileID: 0}
  m_PrefabAsset: {fileID: 0}
  serializedVersion: 6
  m_Component:
  - component: {fileID: 3491765107648614722}
  m_Layer: 12
  m_Name: RigPetal SW5
  m_TagString: Untagged
  m_Icon: {fileID: 0}
  m_NavMeshLayer: 0
  m_StaticEditorFlags: 0
  m_IsActive: 1
--- !u!4 &3491765107648614722
Transform:
  m_ObjectHideFlags: 0
  m_CorrespondingSourceObject: {fileID: 0}
  m_PrefabInstance: {fileID: 0}
  m_PrefabAsset: {fileID: 0}
  m_GameObject: {fileID: 3491765107648122210}
  m_LocalRotation: {x: 0.0024643522, y: -0.012348001, z: -0.2114688, w: 0.9773037}
  m_LocalPosition: {x: -0.13010865, y: 0, z: 0}
  m_LocalScale: {x: 1, y: 0.99999976, z: 1}
  m_Children:
  - {fileID: 3491765107648614720}
  m_Father: {fileID: 3491765107648614588}
  m_RootOrder: 0
  m_LocalEulerAnglesHint: {x: -0.29710487, y: -0.041930094, z: -16.629019}
--- !u!1 &3491765107648122212
GameObject:
  m_ObjectHideFlags: 0
  m_CorrespondingSourceObject: {fileID: 0}
  m_PrefabInstance: {fileID: 0}
  m_PrefabAsset: {fileID: 0}
  serializedVersion: 6
  m_Component:
  - component: {fileID: 3491765107648614724}
  m_Layer: 12
  m_Name: RigPetal NW1
  m_TagString: Untagged
  m_Icon: {fileID: 0}
  m_NavMeshLayer: 0
  m_StaticEditorFlags: 0
  m_IsActive: 1
--- !u!4 &3491765107648614724
Transform:
  m_ObjectHideFlags: 0
  m_CorrespondingSourceObject: {fileID: 0}
  m_PrefabInstance: {fileID: 0}
  m_PrefabAsset: {fileID: 0}
  m_GameObject: {fileID: 3491765107648122212}
  m_LocalRotation: {x: 0.056098733, y: -0.49684215, z: 0.030415105, w: 0.8654916}
  m_LocalPosition: {x: -0.011464385, y: -0.056180686, z: -0.020568611}
  m_LocalScale: {x: 1, y: 1, z: 1}
  m_Children:
  - {fileID: 3491765107648614730}
  m_Father: {fileID: 3491765107648614596}
  m_RootOrder: 3
  m_LocalEulerAnglesHint: {x: 0.37689075, y: -59.83686, z: 1.0012822}
--- !u!1 &3491765107648122214
GameObject:
  m_ObjectHideFlags: 0
  m_CorrespondingSourceObject: {fileID: 0}
  m_PrefabInstance: {fileID: 0}
  m_PrefabAsset: {fileID: 0}
  serializedVersion: 6
  m_Component:
  - component: {fileID: 3491765107648614726}
  m_Layer: 12
  m_Name: RigPetal SW7
  m_TagString: Untagged
  m_Icon: {fileID: 0}
  m_NavMeshLayer: 0
  m_StaticEditorFlags: 0
  m_IsActive: 1
--- !u!4 &3491765107648614726
Transform:
  m_ObjectHideFlags: 0
  m_CorrespondingSourceObject: {fileID: 0}
  m_PrefabInstance: {fileID: 0}
  m_PrefabAsset: {fileID: 0}
  m_GameObject: {fileID: 3491765107648122214}
  m_LocalRotation: {x: 0.002681402, y: -0.0056575183, z: 0.16927697, w: 0.9855486}
  m_LocalPosition: {x: -0.10906128, y: 0, z: -0.000000076293944}
  m_LocalScale: {x: 0.9999999, y: 0.9999996, z: 1}
  m_Children: []
  m_Father: {fileID: 3491765107648614720}
  m_RootOrder: 0
  m_LocalEulerAnglesHint: {x: -0.24932349, y: -0.16000935, z: 27.696629}
--- !u!1 &3491765107648122216
GameObject:
  m_ObjectHideFlags: 0
  m_CorrespondingSourceObject: {fileID: 0}
  m_PrefabInstance: {fileID: 0}
  m_PrefabAsset: {fileID: 0}
  serializedVersion: 6
  m_Component:
  - component: {fileID: 3491765107648614728}
  m_Layer: 12
  m_Name: RigPetal NW3
  m_TagString: Untagged
  m_Icon: {fileID: 0}
  m_NavMeshLayer: 0
  m_StaticEditorFlags: 0
  m_IsActive: 1
--- !u!4 &3491765107648614728
Transform:
  m_ObjectHideFlags: 0
  m_CorrespondingSourceObject: {fileID: 0}
  m_PrefabInstance: {fileID: 0}
  m_PrefabAsset: {fileID: 0}
  m_GameObject: {fileID: 3491765107648122216}
  m_LocalRotation: {x: -0.0076359557, y: -0.007178387, z: -0.23831917, w: 0.9711304}
  m_LocalPosition: {x: -0.1324485, y: -0.000000019073486, z: 0.000000076293944}
  m_LocalScale: {x: 0.9999999, y: 0.99999994, z: 0.99999994}
  m_Children:
  - {fileID: 3491765107648614734}
  m_Father: {fileID: 3491765107648614730}
  m_RootOrder: 0
  m_LocalEulerAnglesHint: {x: 0.37137508, y: 0.11860791, z: -21.771082}
--- !u!1 &3491765107648122218
GameObject:
  m_ObjectHideFlags: 0
  m_CorrespondingSourceObject: {fileID: 0}
  m_PrefabInstance: {fileID: 0}
  m_PrefabAsset: {fileID: 0}
  serializedVersion: 6
  m_Component:
  - component: {fileID: 3491765107648614730}
  m_Layer: 12
  m_Name: RigPetal NW2
  m_TagString: Untagged
  m_Icon: {fileID: 0}
  m_NavMeshLayer: 0
  m_StaticEditorFlags: 0
  m_IsActive: 1
--- !u!4 &3491765107648614730
Transform:
  m_ObjectHideFlags: 0
  m_CorrespondingSourceObject: {fileID: 0}
  m_PrefabInstance: {fileID: 0}
  m_PrefabAsset: {fileID: 0}
  m_GameObject: {fileID: 3491765107648122218}
  m_LocalRotation: {x: -0.0059731533, y: -0.0018739367, z: -0.2378778, w: 0.9712749}
  m_LocalPosition: {x: -0.13396293, y: 0, z: 0.000000076293944}
  m_LocalScale: {x: 0.99999994, y: 1, z: 1}
  m_Children:
  - {fileID: 3491765107648614728}
  m_Father: {fileID: 3491765107648614724}
  m_RootOrder: 0
  m_LocalEulerAnglesHint: {x: 0.38455114, y: -0.064038694, z: -21.772427}
--- !u!1 &3491765107648122220
GameObject:
  m_ObjectHideFlags: 0
  m_CorrespondingSourceObject: {fileID: 0}
  m_PrefabInstance: {fileID: 0}
  m_PrefabAsset: {fileID: 0}
  serializedVersion: 6
  m_Component:
  - component: {fileID: 3491765107648614732}
  m_Layer: 12
  m_Name: RigPetal NW5
  m_TagString: Untagged
  m_Icon: {fileID: 0}
  m_NavMeshLayer: 0
  m_StaticEditorFlags: 0
  m_IsActive: 1
--- !u!4 &3491765107648614732
Transform:
  m_ObjectHideFlags: 0
  m_CorrespondingSourceObject: {fileID: 0}
  m_PrefabInstance: {fileID: 0}
  m_PrefabAsset: {fileID: 0}
  m_GameObject: {fileID: 3491765107648122220}
  m_LocalRotation: {x: -0.0067799063, y: 0.024586417, z: -0.19437818, w: 0.9805951}
  m_LocalPosition: {x: -0.13010865, y: 0, z: 0}
  m_LocalScale: {x: 0.9999998, y: 0.9999998, z: 1}
  m_Children:
  - {fileID: 3491765107648614738}
  m_Father: {fileID: 3491765107648614734}
  m_RootOrder: 0
  m_LocalEulerAnglesHint: {x: -0.46759182, y: 0.5953609, z: -15.574523}
--- !u!1 &3491765107648122222
GameObject:
  m_ObjectHideFlags: 0
  m_CorrespondingSourceObject: {fileID: 0}
  m_PrefabInstance: {fileID: 0}
  m_PrefabAsset: {fileID: 0}
  serializedVersion: 6
  m_Component:
  - component: {fileID: 3491765107648614734}
  m_Layer: 12
  m_Name: RigPetal NW4
  m_TagString: Untagged
  m_Icon: {fileID: 0}
  m_NavMeshLayer: 0
  m_StaticEditorFlags: 0
  m_IsActive: 1
--- !u!4 &3491765107648614734
Transform:
  m_ObjectHideFlags: 0
  m_CorrespondingSourceObject: {fileID: 0}
  m_PrefabInstance: {fileID: 0}
  m_PrefabAsset: {fileID: 0}
  m_GameObject: {fileID: 3491765107648122222}
  m_LocalRotation: {x: 0.0036070554, y: 0.015416654, z: -0.23039378, w: 0.9729687}
  m_LocalPosition: {x: -0.1324485, y: 0, z: -0.000000076293944}
  m_LocalScale: {x: 0.9999998, y: 0.99999994, z: 1}
  m_Children:
  - {fileID: 3491765107648614732}
  m_Father: {fileID: 3491765107648614728}
  m_RootOrder: 0
  m_LocalEulerAnglesHint: {x: 0.2762646, y: 0.2750679, z: -22.960258}
--- !u!1 &3491765107648122224
GameObject:
  m_ObjectHideFlags: 0
  m_CorrespondingSourceObject: {fileID: 0}
  m_PrefabInstance: {fileID: 0}
  m_PrefabAsset: {fileID: 0}
  serializedVersion: 6
  m_Component:
  - component: {fileID: 3491765107648614736}
  m_Layer: 12
  m_Name: RigPetal NW7
  m_TagString: Untagged
  m_Icon: {fileID: 0}
  m_NavMeshLayer: 0
  m_StaticEditorFlags: 0
  m_IsActive: 1
--- !u!4 &3491765107648614736
Transform:
  m_ObjectHideFlags: 0
  m_CorrespondingSourceObject: {fileID: 0}
  m_PrefabInstance: {fileID: 0}
  m_PrefabAsset: {fileID: 0}
  m_GameObject: {fileID: 3491765107648122224}
  m_LocalRotation: {x: -0.00020116761, y: -0.0066235694, z: 0.17132671, w: 0.985192}
  m_LocalPosition: {x: -0.10906129, y: 0, z: 0.000000038146972}
  m_LocalScale: {x: 0.9999998, y: 0.9999999, z: 1}
  m_Children: []
  m_Father: {fileID: 3491765107648614738}
  m_RootOrder: 0
  m_LocalEulerAnglesHint: {x: -0.8706037, y: 0.49017686, z: 28.726112}
--- !u!1 &3491765107648122226
GameObject:
  m_ObjectHideFlags: 0
  m_CorrespondingSourceObject: {fileID: 0}
  m_PrefabInstance: {fileID: 0}
  m_PrefabAsset: {fileID: 0}
  serializedVersion: 6
  m_Component:
  - component: {fileID: 3491765107648614738}
  m_Layer: 12
  m_Name: RigPetal NW6
  m_TagString: Untagged
  m_Icon: {fileID: 0}
  m_NavMeshLayer: 0
  m_StaticEditorFlags: 0
  m_IsActive: 1
--- !u!4 &3491765107648614738
Transform:
  m_ObjectHideFlags: 0
  m_CorrespondingSourceObject: {fileID: 0}
  m_PrefabInstance: {fileID: 0}
  m_PrefabAsset: {fileID: 0}
  m_GameObject: {fileID: 3491765107648122226}
  m_LocalRotation: {x: 0.0014657051, y: -0.010698019, z: -0.08709426, w: 0.99614155}
  m_LocalPosition: {x: -0.12030706, y: 0, z: 0.000000038146972}
  m_LocalScale: {x: 0.9999999, y: 0.99999976, z: 1}
  m_Children:
  - {fileID: 3491765107648614736}
  m_Father: {fileID: 3491765107648614732}
  m_RootOrder: 0
  m_LocalEulerAnglesHint: {x: -0.7377436, y: 0.48619902, z: -1.0364122}
