%YAML 1.1
%TAG !u! tag:unity3d.com,2011:
--- !u!1 &53377200207217903
GameObject:
  m_ObjectHideFlags: 0
  m_CorrespondingSourceObject: {fileID: 0}
  m_PrefabInstance: {fileID: 0}
  m_PrefabAsset: {fileID: 0}
  serializedVersion: 6
  m_Component:
  - component: {fileID: 7387512616464163094}
  m_Layer: 0
  m_Name: Fox_Tail1
  m_TagString: Untagged
  m_Icon: {fileID: 0}
  m_NavMeshLayer: 0
  m_StaticEditorFlags: 0
  m_IsActive: 1
--- !u!4 &7387512616464163094
Transform:
  m_ObjectHideFlags: 0
  m_CorrespondingSourceObject: {fileID: 0}
  m_PrefabInstance: {fileID: 0}
  m_PrefabAsset: {fileID: 0}
  m_GameObject: {fileID: 53377200207217903}
  m_LocalRotation: {x: 0.005780516, y: 0.00069823203, z: 0.9927697, w: -0.11989331}
  m_LocalPosition: {x: 0.16364339, y: -0.07452889, z: 0.000000005339939}
  m_LocalScale: {x: 0.99999994, y: 0.99999994, z: 1}
  m_Children:
  - {fileID: 4379300885709602528}
  m_Father: {fileID: 2238071740461084902}
  m_RootOrder: 3
  m_LocalEulerAnglesHint: {x: 0, y: 0, z: 0}
--- !u!1 &537228602566597667
GameObject:
  m_ObjectHideFlags: 0
  m_CorrespondingSourceObject: {fileID: 0}
  m_PrefabInstance: {fileID: 0}
  m_PrefabAsset: {fileID: 0}
  serializedVersion: 6
  m_Component:
  - component: {fileID: 4980515605851022444}
  m_Layer: 0
  m_Name: Fox_F_RLeg2
  m_TagString: Untagged
  m_Icon: {fileID: 0}
  m_NavMeshLayer: 0
  m_StaticEditorFlags: 0
  m_IsActive: 1
--- !u!4 &4980515605851022444
Transform:
  m_ObjectHideFlags: 0
  m_CorrespondingSourceObject: {fileID: 0}
  m_PrefabInstance: {fileID: 0}
  m_PrefabAsset: {fileID: 0}
  m_GameObject: {fileID: 537228602566597667}
  m_LocalRotation: {x: -0.07481892, y: -0.029718477, z: -0.3129922, w: 0.9463376}
  m_LocalPosition: {x: -0.34010264, y: 0.000004148483, z: -0.0000005245209}
  m_LocalScale: {x: 0.9999999, y: 1.0000002, z: 1.0000001}
  m_Children:
  - {fileID: 802168215072917042}
  m_Father: {fileID: 6881244845754457376}
  m_RootOrder: 0
  m_LocalEulerAnglesHint: {x: 0, y: 0, z: 0}
--- !u!1 &778291857441657193
GameObject:
  m_ObjectHideFlags: 0
  m_CorrespondingSourceObject: {fileID: 0}
  m_PrefabInstance: {fileID: 0}
  m_PrefabAsset: {fileID: 0}
  serializedVersion: 6
  m_Component:
  - component: {fileID: 1933336832428575390}
  m_Layer: 0
  m_Name: Fox_RLegAnkle
  m_TagString: Untagged
  m_Icon: {fileID: 0}
  m_NavMeshLayer: 0
  m_StaticEditorFlags: 0
  m_IsActive: 1
--- !u!4 &1933336832428575390
Transform:
  m_ObjectHideFlags: 0
  m_CorrespondingSourceObject: {fileID: 0}
  m_PrefabInstance: {fileID: 0}
  m_PrefabAsset: {fileID: 0}
  m_GameObject: {fileID: 778291857441657193}
  m_LocalRotation: {x: -0.069994226, y: -0.012821181, z: -0.62334245, w: 0.77870446}
  m_LocalPosition: {x: -0.25831982, y: 0, z: 0}
  m_LocalScale: {x: 0.9999918, y: 1.0000079, z: 1.0000005}
  m_Children:
  - {fileID: 2467026383178996678}
  m_Father: {fileID: 3261374248913247671}
  m_RootOrder: 0
  m_LocalEulerAnglesHint: {x: 0, y: 0, z: 0}
--- !u!1 &878561279677401185
GameObject:
  m_ObjectHideFlags: 0
  m_CorrespondingSourceObject: {fileID: 0}
  m_PrefabInstance: {fileID: 0}
  m_PrefabAsset: {fileID: 0}
  serializedVersion: 6
  m_Component:
  - component: {fileID: 1567209340546302050}
  m_Layer: 0
  m_Name: Fox_Head
  m_TagString: Untagged
  m_Icon: {fileID: 0}
  m_NavMeshLayer: 0
  m_StaticEditorFlags: 0
  m_IsActive: 1
--- !u!4 &1567209340546302050
Transform:
  m_ObjectHideFlags: 0
  m_CorrespondingSourceObject: {fileID: 0}
  m_PrefabInstance: {fileID: 0}
  m_PrefabAsset: {fileID: 0}
  m_GameObject: {fileID: 878561279677401185}
  m_LocalRotation: {x: 0.012960773, y: 0.00501279, z: -0.23797597, w: 0.9711717}
  m_LocalPosition: {x: -0.36906558, y: -0.000000023841858, z: 0}
  m_LocalScale: {x: 0.9999999, y: 0.99999994, z: 1}
  m_Children:
  - {fileID: 6235903784822358603}
  - {fileID: 113001722261966047}
  - {fileID: 2843211872903990501}
  - {fileID: 7337884605550244695}
  - {fileID: 4699425178664055651}
  - {fileID: 6514929744238904323}
  - {fileID: 6846205848067315649}
  - {fileID: 1749394807861152248}
  - {fileID: 8831711962069940275}
  m_Father: {fileID: 6726110184178378597}
  m_RootOrder: 0
  m_LocalEulerAnglesHint: {x: 0, y: 0, z: 0}
--- !u!1 &965817005241443589
GameObject:
  m_ObjectHideFlags: 0
  m_CorrespondingSourceObject: {fileID: 0}
  m_PrefabInstance: {fileID: 0}
  m_PrefabAsset: {fileID: 0}
  serializedVersion: 6
  m_Component:
  - component: {fileID: 6004757191701661064}
  m_Layer: 0
  m_Name: Fox_Tail3
  m_TagString: Untagged
  m_Icon: {fileID: 0}
  m_NavMeshLayer: 0
  m_StaticEditorFlags: 0
  m_IsActive: 1
--- !u!4 &6004757191701661064
Transform:
  m_ObjectHideFlags: 0
  m_CorrespondingSourceObject: {fileID: 0}
  m_PrefabInstance: {fileID: 0}
  m_PrefabAsset: {fileID: 0}
  m_GameObject: {fileID: 965817005241443589}
  m_LocalRotation: {x: 0.019123383, y: -0.06949628, z: 0.11988541, w: 0.99016774}
  m_LocalPosition: {x: -0.20861697, y: -0.00000009536743, z: 0.0000000029802323}
  m_LocalScale: {x: 1.0000001, y: 1.0000001, z: 1}
  m_Children:
  - {fileID: 3260484427354436153}
  m_Father: {fileID: 4379300885709602528}
  m_RootOrder: 0
  m_LocalEulerAnglesHint: {x: 0, y: 0, z: 0}
--- !u!1 &1561972241320163962
GameObject:
  m_ObjectHideFlags: 0
  m_CorrespondingSourceObject: {fileID: 0}
  m_PrefabInstance: {fileID: 0}
  m_PrefabAsset: {fileID: 0}
  serializedVersion: 6
  m_Component:
  - component: {fileID: 6846205848067315649}
  m_Layer: 0
  m_Name: Fox_REye
  m_TagString: Untagged
  m_Icon: {fileID: 0}
  m_NavMeshLayer: 0
  m_StaticEditorFlags: 0
  m_IsActive: 1
--- !u!4 &6846205848067315649
Transform:
  m_ObjectHideFlags: 0
  m_CorrespondingSourceObject: {fileID: 0}
  m_PrefabInstance: {fileID: 0}
  m_PrefabAsset: {fileID: 0}
  m_GameObject: {fileID: 1561972241320163962}
  m_LocalRotation: {x: -0.6903456, y: 0.15304592, z: -0.212631, w: 0.6743797}
  m_LocalPosition: {x: -0.16065598, y: -0.020738697, z: -0.18594874}
  m_LocalScale: {x: 0.99999994, y: 1.0000001, z: 1}
  m_Children: []
  m_Father: {fileID: 1567209340546302050}
  m_RootOrder: 6
  m_LocalEulerAnglesHint: {x: 0, y: 0, z: 0}
--- !u!1 &1944114681742869829
GameObject:
  m_ObjectHideFlags: 0
  m_CorrespondingSourceObject: {fileID: 0}
  m_PrefabInstance: {fileID: 0}
  m_PrefabAsset: {fileID: 0}
  serializedVersion: 6
  m_Component:
  - component: {fileID: 8831711962069940275}
  m_Layer: 0
  m_Name: Fox_UpperREyelid
  m_TagString: Untagged
  m_Icon: {fileID: 0}
  m_NavMeshLayer: 0
  m_StaticEditorFlags: 0
  m_IsActive: 1
--- !u!4 &8831711962069940275
Transform:
  m_ObjectHideFlags: 0
  m_CorrespondingSourceObject: {fileID: 0}
  m_PrefabInstance: {fileID: 0}
  m_PrefabAsset: {fileID: 0}
  m_GameObject: {fileID: 1944114681742869829}
  m_LocalRotation: {x: -0.73377275, y: -0.034728084, z: -0.032037262, w: 0.67775005}
  m_LocalPosition: {x: -0.16065598, y: -0.020738697, z: -0.18594874}
  m_LocalScale: {x: 0.9999999, y: 1, z: 1.0000001}
  m_Children: []
  m_Father: {fileID: 1567209340546302050}
  m_RootOrder: 8
  m_LocalEulerAnglesHint: {x: 0, y: 0, z: 0}
--- !u!1 &2025831425823386259
GameObject:
  m_ObjectHideFlags: 0
  m_CorrespondingSourceObject: {fileID: 0}
  m_PrefabInstance: {fileID: 0}
  m_PrefabAsset: {fileID: 0}
  serializedVersion: 6
  m_Component:
  - component: {fileID: 3174785987793544986}
  m_Layer: 0
  m_Name: Fox_F_LLeg2
  m_TagString: Untagged
  m_Icon: {fileID: 0}
  m_NavMeshLayer: 0
  m_StaticEditorFlags: 0
  m_IsActive: 1
--- !u!4 &3174785987793544986
Transform:
  m_ObjectHideFlags: 0
  m_CorrespondingSourceObject: {fileID: 0}
  m_PrefabInstance: {fileID: 0}
  m_PrefabAsset: {fileID: 0}
  m_GameObject: {fileID: 2025831425823386259}
  m_LocalRotation: {x: 0.07335472, y: 0.03448658, z: -0.36366868, w: 0.9279951}
  m_LocalPosition: {x: -0.34010276, y: 0.0000040888785, z: 0.0000005722046}
  m_LocalScale: {x: 0.9999999, y: 1.0000001, z: 1.0000001}
  m_Children:
  - {fileID: 6462681298803054285}
  m_Father: {fileID: 469812238041377588}
  m_RootOrder: 0
  m_LocalEulerAnglesHint: {x: 0, y: 0, z: 0}
--- !u!1 &2740822238451711063
GameObject:
  m_ObjectHideFlags: 0
  m_CorrespondingSourceObject: {fileID: 0}
  m_PrefabInstance: {fileID: 0}
  m_PrefabAsset: {fileID: 0}
  serializedVersion: 6
  m_Component:
  - component: {fileID: 5470667299399687960}
  m_Layer: 0
  m_Name: FoxTransform
  m_TagString: Untagged
  m_Icon: {fileID: 0}
  m_NavMeshLayer: 0
  m_StaticEditorFlags: 0
  m_IsActive: 1
--- !u!4 &5470667299399687960
Transform:
  m_ObjectHideFlags: 0
  m_CorrespondingSourceObject: {fileID: 0}
  m_PrefabInstance: {fileID: 0}
  m_PrefabAsset: {fileID: 0}
  m_GameObject: {fileID: 2740822238451711063}
  m_LocalRotation: {x: -0.7071068, y: 0, z: -0, w: 0.7071068}
  m_LocalPosition: {x: -0, y: 0, z: 0}
  m_LocalScale: {x: 1, y: 1, z: 1}
  m_Children:
  - {fileID: 2238071740461084902}
  m_Father: {fileID: 8576599403114425701}
  m_RootOrder: 1
  m_LocalEulerAnglesHint: {x: 0, y: 0, z: 0}
--- !u!1 &3003200002366964663
GameObject:
  m_ObjectHideFlags: 0
  m_CorrespondingSourceObject: {fileID: 0}
  m_PrefabInstance: {fileID: 0}
  m_PrefabAsset: {fileID: 0}
  serializedVersion: 6
  m_Component:
  - component: {fileID: 1749394807861152248}
  m_Layer: 0
  m_Name: Fox_UpperLEyelid
  m_TagString: Untagged
  m_Icon: {fileID: 0}
  m_NavMeshLayer: 0
  m_StaticEditorFlags: 0
  m_IsActive: 1
--- !u!4 &1749394807861152248
Transform:
  m_ObjectHideFlags: 0
  m_CorrespondingSourceObject: {fileID: 0}
  m_PrefabInstance: {fileID: 0}
  m_PrefabAsset: {fileID: 0}
  m_GameObject: {fileID: 3003200002366964663}
  m_LocalRotation: {x: 0.73377275, y: 0.034727987, z: -0.03203718, w: 0.67775005}
  m_LocalPosition: {x: -0.16065617, y: -0.020738697, z: 0.18594877}
  m_LocalScale: {x: 0.99999994, y: 0.99999994, z: 1.0000001}
  m_Children: []
  m_Father: {fileID: 1567209340546302050}
  m_RootOrder: 7
  m_LocalEulerAnglesHint: {x: 0, y: 0, z: 0}
--- !u!1 &3096983686867715281
GameObject:
  m_ObjectHideFlags: 0
  m_CorrespondingSourceObject: {fileID: 0}
  m_PrefabInstance: {fileID: 0}
  m_PrefabAsset: {fileID: 0}
  serializedVersion: 6
  m_Component:
  - component: {fileID: 6881244845754457376}
  m_Layer: 0
  m_Name: Fox_F_RLeg1
  m_TagString: Untagged
  m_Icon: {fileID: 0}
  m_NavMeshLayer: 0
  m_StaticEditorFlags: 0
  m_IsActive: 1
--- !u!4 &6881244845754457376
Transform:
  m_ObjectHideFlags: 0
  m_CorrespondingSourceObject: {fileID: 0}
  m_PrefabInstance: {fileID: 0}
  m_PrefabAsset: {fileID: 0}
  m_GameObject: {fileID: 3096983686867715281}
  m_LocalRotation: {x: -0.4232762, y: 0.9059058, z: -0.012279681, w: 0.0046081073}
  m_LocalPosition: {x: -0.02399764, y: 0.0042314054, z: -0.25108162}
  m_LocalScale: {x: 1.0000004, y: 0.99999976, z: 1.0000001}
  m_Children:
  - {fileID: 4980515605851022444}
  m_Father: {fileID: 7248463595779949971}
  m_RootOrder: 1
  m_LocalEulerAnglesHint: {x: 0, y: 0, z: 0}
--- !u!1 &3396214739278595069
GameObject:
  m_ObjectHideFlags: 0
  m_CorrespondingSourceObject: {fileID: 0}
  m_PrefabInstance: {fileID: 0}
  m_PrefabAsset: {fileID: 0}
  serializedVersion: 6
  m_Component:
  - component: {fileID: 6726110184178378597}
  m_Layer: 0
  m_Name: Fox_Spine
  m_TagString: Untagged
  m_Icon: {fileID: 0}
  m_NavMeshLayer: 0
  m_StaticEditorFlags: 0
  m_IsActive: 1
--- !u!4 &6726110184178378597
Transform:
  m_ObjectHideFlags: 0
  m_CorrespondingSourceObject: {fileID: 0}
  m_PrefabInstance: {fileID: 0}
  m_PrefabAsset: {fileID: 0}
  m_GameObject: {fileID: 3396214739278595069}
  m_LocalRotation: {x: 0.00023377368, y: 0.0109472945, z: 0.40313512, w: 0.91507494}
  m_LocalPosition: {x: -0, y: 0, z: 0}
  m_LocalScale: {x: 1.0000001, y: 1, z: 1.0000001}
  m_Children:
  - {fileID: 1567209340546302050}
  m_Father: {fileID: 7248463595779949971}
  m_RootOrder: 2
  m_LocalEulerAnglesHint: {x: 0, y: 0, z: 0}
--- !u!1 &3772526647286216665
GameObject:
  m_ObjectHideFlags: 0
  m_CorrespondingSourceObject: {fileID: 0}
  m_PrefabInstance: {fileID: 0}
  m_PrefabAsset: {fileID: 0}
  serializedVersion: 6
  m_Component:
  - component: {fileID: 469812238041377588}
  m_Layer: 0
  m_Name: Fox_F_LLeg1
  m_TagString: Untagged
  m_Icon: {fileID: 0}
  m_NavMeshLayer: 0
  m_StaticEditorFlags: 0
  m_IsActive: 1
--- !u!4 &469812238041377588
Transform:
  m_ObjectHideFlags: 0
  m_CorrespondingSourceObject: {fileID: 0}
  m_PrefabInstance: {fileID: 0}
  m_PrefabAsset: {fileID: 0}
  m_GameObject: {fileID: 3772526647286216665}
  m_LocalRotation: {x: -0.51770645, y: 0.85537684, z: 0.008226462, w: -0.015583993}
  m_LocalPosition: {x: -0.023997689, y: 0.0042314054, z: 0.2510817}
  m_LocalScale: {x: 0.99999976, y: 1.0000002, z: 0.99999994}
  m_Children:
  - {fileID: 3174785987793544986}
  m_Father: {fileID: 7248463595779949971}
  m_RootOrder: 0
  m_LocalEulerAnglesHint: {x: -0.629, y: -178.27101, z: -59.739}
--- !u!1 &4312686091530054113
GameObject:
  m_ObjectHideFlags: 0
  m_CorrespondingSourceObject: {fileID: 0}
  m_PrefabInstance: {fileID: 0}
  m_PrefabAsset: {fileID: 0}
  serializedVersion: 6
  m_Component:
  - component: {fileID: 5341778108846370083}
  m_Layer: 0
  m_Name: Fox_LLegAnkle
  m_TagString: Untagged
  m_Icon: {fileID: 0}
  m_NavMeshLayer: 0
  m_StaticEditorFlags: 0
  m_IsActive: 1
--- !u!4 &5341778108846370083
Transform:
  m_ObjectHideFlags: 0
  m_CorrespondingSourceObject: {fileID: 0}
  m_PrefabInstance: {fileID: 0}
  m_PrefabAsset: {fileID: 0}
  m_GameObject: {fileID: 4312686091530054113}
  m_LocalRotation: {x: 0.07048098, y: 0.032025546, z: -0.7273729, w: 0.6818618}
  m_LocalPosition: {x: -0.2583199, y: 0.000000023841858, z: 0.000000023841858}
  m_LocalScale: {x: 1.0000031, y: 0.9999973, z: 1}
  m_Children:
  - {fileID: 370116542107186635}
  m_Father: {fileID: 7760004102397523204}
  m_RootOrder: 0
  m_LocalEulerAnglesHint: {x: 0, y: 0, z: 0}
--- !u!1 &4313038978388523445
GameObject:
  m_ObjectHideFlags: 0
  m_CorrespondingSourceObject: {fileID: 0}
  m_PrefabInstance: {fileID: 0}
  m_PrefabAsset: {fileID: 0}
  serializedVersion: 6
  m_Component:
  - component: {fileID: 2843211872903990501}
  m_Layer: 0
  m_Name: Fox_LEye
  m_TagString: Untagged
  m_Icon: {fileID: 0}
  m_NavMeshLayer: 0
  m_StaticEditorFlags: 0
  m_IsActive: 1
--- !u!4 &2843211872903990501
Transform:
  m_ObjectHideFlags: 0
  m_CorrespondingSourceObject: {fileID: 0}
  m_PrefabInstance: {fileID: 0}
  m_PrefabAsset: {fileID: 0}
  m_GameObject: {fileID: 4313038978388523445}
  m_LocalRotation: {x: 0.6903455, y: -0.1530459, z: -0.21263108, w: 0.6743797}
  m_LocalPosition: {x: -0.16065617, y: -0.02073865, z: 0.18594877}
  m_LocalScale: {x: 1.0000001, y: 1.0000001, z: 0.99999994}
  m_Children: []
  m_Father: {fileID: 1567209340546302050}
  m_RootOrder: 2
  m_LocalEulerAnglesHint: {x: 0, y: 0, z: 0}
--- !u!1 &4416908770617594489
GameObject:
  m_ObjectHideFlags: 0
  m_CorrespondingSourceObject: {fileID: 0}
  m_PrefabInstance: {fileID: 0}
  m_PrefabAsset: {fileID: 0}
  serializedVersion: 6
  m_Component:
  - component: {fileID: 802168215072917042}
  m_Layer: 0
  m_Name: Fox_F_RLegAnkle
  m_TagString: Untagged
  m_Icon: {fileID: 0}
  m_NavMeshLayer: 0
  m_StaticEditorFlags: 0
  m_IsActive: 1
--- !u!4 &802168215072917042
Transform:
  m_ObjectHideFlags: 0
  m_CorrespondingSourceObject: {fileID: 0}
  m_PrefabInstance: {fileID: 0}
  m_PrefabAsset: {fileID: 0}
  m_GameObject: {fileID: 4416908770617594489}
  m_LocalRotation: {x: 0.04267141, y: 0.05221593, z: -0.19026124, w: 0.9794148}
  m_LocalPosition: {x: -0.3269862, y: -0.000000011920929, z: 0}
  m_LocalScale: {x: 0.9999998, y: 1.0000001, z: 0.99999994}
  m_Children:
  - {fileID: 1494206259012718916}
  m_Father: {fileID: 4980515605851022444}
  m_RootOrder: 0
  m_LocalEulerAnglesHint: {x: 0, y: 0, z: 0}
--- !u!1 &4740129437937738159
GameObject:
  m_ObjectHideFlags: 0
  m_CorrespondingSourceObject: {fileID: 0}
  m_PrefabInstance: {fileID: 0}
  m_PrefabAsset: {fileID: 0}
  serializedVersion: 6
  m_Component:
  - component: {fileID: 1768823160610011372}
  m_Layer: 0
  m_Name: Fox_LLeg1
  m_TagString: Untagged
  m_Icon: {fileID: 0}
  m_NavMeshLayer: 0
  m_StaticEditorFlags: 0
  m_IsActive: 1
--- !u!4 &1768823160610011372
Transform:
  m_ObjectHideFlags: 0
  m_CorrespondingSourceObject: {fileID: 0}
  m_PrefabInstance: {fileID: 0}
  m_PrefabAsset: {fileID: 0}
  m_GameObject: {fileID: 4740129437937738159}
  m_LocalRotation: {x: -0.7023985, y: 0.7116407, z: -0.010541116, w: -0.009630749}
  m_LocalPosition: {x: -0, y: 0, z: 0.19275486}
  m_LocalScale: {x: 0.9999993, y: 1.0000007, z: 0.99999994}
  m_Children:
  - {fileID: 7760004102397523204}
  m_Father: {fileID: 2238071740461084902}
  m_RootOrder: 0
  m_LocalEulerAnglesHint: {x: 0, y: 0, z: 0}
--- !u!1 &4768664604706401757
GameObject:
  m_ObjectHideFlags: 0
  m_CorrespondingSourceObject: {fileID: 0}
  m_PrefabInstance: {fileID: 0}
  m_PrefabAsset: {fileID: 0}
  serializedVersion: 6
  m_Component:
  - component: {fileID: 370116542107186635}
  - component: {fileID: 1468559802549365766}
  m_Layer: 0
  m_Name: Fox_LLegDigit11
  m_TagString: Player
  m_Icon: {fileID: 0}
  m_NavMeshLayer: 0
  m_StaticEditorFlags: 0
  m_IsActive: 1
--- !u!4 &370116542107186635
Transform:
  m_ObjectHideFlags: 0
  m_CorrespondingSourceObject: {fileID: 0}
  m_PrefabInstance: {fileID: 0}
  m_PrefabAsset: {fileID: 0}
  m_GameObject: {fileID: 4768664604706401757}
  m_LocalRotation: {x: 0.00015264565, y: -0.000301207, z: -0.6358026, w: 0.77185166}
  m_LocalPosition: {x: -0.355, y: 0.159, z: -0}
  m_LocalScale: {x: 1.0000038, y: 0.99999577, z: 1}
  m_Children: []
  m_Father: {fileID: 5341778108846370083}
  m_RootOrder: 0
  m_LocalEulerAnglesHint: {x: 0, y: 0, z: 0}
--- !u!136 &1468559802549365766
CapsuleCollider:
  m_ObjectHideFlags: 0
  m_CorrespondingSourceObject: {fileID: 0}
  m_PrefabInstance: {fileID: 0}
  m_PrefabAsset: {fileID: 0}
  m_GameObject: {fileID: 4768664604706401757}
  m_Material: {fileID: 0}
  m_IsTrigger: 0
  m_Enabled: 1
  m_Radius: 0.19283623
  m_Height: 0.5357266
  m_Direction: 1
  m_Center: {x: 0.09592921, y: 0.23213929, z: 0.000000016215894}
--- !u!1 &4843494463430877720
GameObject:
  m_ObjectHideFlags: 0
  m_CorrespondingSourceObject: {fileID: 0}
  m_PrefabInstance: {fileID: 0}
  m_PrefabAsset: {fileID: 0}
  serializedVersion: 6
  m_Component:
  - component: {fileID: 9127679425686364081}
  m_Layer: 0
  m_Name: Fox_Spine2
  m_TagString: Untagged
  m_Icon: {fileID: 0}
  m_NavMeshLayer: 0
  m_StaticEditorFlags: 0
  m_IsActive: 1
--- !u!4 &9127679425686364081
Transform:
  m_ObjectHideFlags: 0
  m_CorrespondingSourceObject: {fileID: 0}
  m_PrefabInstance: {fileID: 0}
  m_PrefabAsset: {fileID: 0}
  m_GameObject: {fileID: 4843494463430877720}
  m_LocalRotation: {x: -0.00000004105029, y: -0.0000000496723, z: 0.05994135, w: 0.9982019}
  m_LocalPosition: {x: -0.33506036, y: 0, z: 9.094947e-14}
  m_LocalScale: {x: 1, y: 1, z: 1}
  m_Children:
  - {fileID: 7248463595779949971}
  m_Father: {fileID: 4263858570856210039}
  m_RootOrder: 0
  m_LocalEulerAnglesHint: {x: 0, y: 0, z: 0}
--- !u!1 &4873305111215889935
GameObject:
  m_ObjectHideFlags: 0
  m_CorrespondingSourceObject: {fileID: 0}
  m_PrefabInstance: {fileID: 0}
  m_PrefabAsset: {fileID: 0}
  serializedVersion: 6
  m_Component:
  - component: {fileID: 113001722261966047}
  m_Layer: 0
  m_Name: Fox_LEar1
  m_TagString: Untagged
  m_Icon: {fileID: 0}
  m_NavMeshLayer: 0
  m_StaticEditorFlags: 0
  m_IsActive: 1
--- !u!4 &113001722261966047
Transform:
  m_ObjectHideFlags: 0
  m_CorrespondingSourceObject: {fileID: 0}
  m_PrefabInstance: {fileID: 0}
  m_PrefabAsset: {fileID: 0}
  m_GameObject: {fileID: 4873305111215889935}
  m_LocalRotation: {x: 0.23089084, y: 0.29391307, z: 0.33918417, w: 0.86328363}
  m_LocalPosition: {x: -0.109870054, y: -0.30080184, z: 0.25310624}
  m_LocalScale: {x: 1.0000007, y: 0.9999994, z: 1.0000001}
  m_Children:
  - {fileID: 1215936291865797721}
  m_Father: {fileID: 1567209340546302050}
  m_RootOrder: 1
  m_LocalEulerAnglesHint: {x: 0, y: 0, z: 0}
--- !u!1 &5162315061997699143
GameObject:
  m_ObjectHideFlags: 0
  m_CorrespondingSourceObject: {fileID: 0}
  m_PrefabInstance: {fileID: 0}
  m_PrefabAsset: {fileID: 0}
  serializedVersion: 6
  m_Component:
  - component: {fileID: 4379300885709602528}
  m_Layer: 0
  m_Name: Fox_Tail2
  m_TagString: Untagged
  m_Icon: {fileID: 0}
  m_NavMeshLayer: 0
  m_StaticEditorFlags: 0
  m_IsActive: 1
--- !u!4 &4379300885709602528
Transform:
  m_ObjectHideFlags: 0
  m_CorrespondingSourceObject: {fileID: 0}
  m_PrefabInstance: {fileID: 0}
  m_PrefabAsset: {fileID: 0}
  m_GameObject: {fileID: 5162315061997699143}
  m_LocalRotation: {x: 0.005455539, y: -0.037993483, z: 0.10928859, w: 0.9932687}
  m_LocalPosition: {x: -0.26734322, y: 0.00000009536743, z: 0}
  m_LocalScale: {x: 1, y: 1, z: 1}
  m_Children:
  - {fileID: 6004757191701661064}
  m_Father: {fileID: 7387512616464163094}
  m_RootOrder: 0
  m_LocalEulerAnglesHint: {x: 0, y: 0, z: 0}
--- !u!1 &5184395271228915406
GameObject:
  m_ObjectHideFlags: 0
  m_CorrespondingSourceObject: {fileID: 0}
  m_PrefabInstance: {fileID: 0}
  m_PrefabAsset: {fileID: 0}
  serializedVersion: 6
  m_Component:
  - component: {fileID: 3260484427354436153}
  m_Layer: 0
  m_Name: Fox_Tail4
  m_TagString: Untagged
  m_Icon: {fileID: 0}
  m_NavMeshLayer: 0
  m_StaticEditorFlags: 0
  m_IsActive: 1
--- !u!4 &3260484427354436153
Transform:
  m_ObjectHideFlags: 0
  m_CorrespondingSourceObject: {fileID: 0}
  m_PrefabInstance: {fileID: 0}
  m_PrefabAsset: {fileID: 0}
  m_GameObject: {fileID: 5184395271228915406}
  m_LocalRotation: {x: 0.016452909, y: -0.028111912, z: 0.06274946, w: 0.9974977}
  m_LocalPosition: {x: -0.22082148, y: -0.00000009536743, z: 0.0000000059604646}
  m_LocalScale: {x: 0.9999999, y: 0.9999998, z: 0.99999976}
  m_Children:
  - {fileID: 3063125953022923152}
  m_Father: {fileID: 6004757191701661064}
  m_RootOrder: 0
  m_LocalEulerAnglesHint: {x: 0, y: 0, z: 0}
--- !u!1 &5440494292178200114
GameObject:
  m_ObjectHideFlags: 0
  m_CorrespondingSourceObject: {fileID: 0}
  m_PrefabInstance: {fileID: 0}
  m_PrefabAsset: {fileID: 0}
  serializedVersion: 6
  m_Component:
  - component: {fileID: 5440494292178200120}
  - component: {fileID: 5440494292178200121}
  - component: {fileID: 5440494292178200118}
  - component: {fileID: 5440494292178200123}
  - component: {fileID: 5440494292178200117}
  - component: {fileID: 5440494292178200116}
  m_Layer: 0
  m_Name: Camera 1
  m_TagString: Untagged
  m_Icon: {fileID: 0}
  m_NavMeshLayer: 0
  m_StaticEditorFlags: 16
  m_IsActive: 1
--- !u!4 &5440494292178200120
Transform:
  m_ObjectHideFlags: 0
  m_CorrespondingSourceObject: {fileID: 0}
  m_PrefabInstance: {fileID: 0}
  m_PrefabAsset: {fileID: 0}
  m_GameObject: {fileID: 5440494292178200114}
  m_LocalRotation: {x: 0.17364816, y: 0, z: 0, w: 0.9848078}
  m_LocalPosition: {x: 0, y: 2.86, z: -3.77}
  m_LocalScale: {x: 1, y: 1, z: 1}
  m_Children: []
  m_Father: {fileID: 8576599403114425701}
  m_RootOrder: 2
  m_LocalEulerAnglesHint: {x: 20, y: 0, z: 0}
--- !u!20 &5440494292178200121
Camera:
  m_ObjectHideFlags: 0
  m_CorrespondingSourceObject: {fileID: 0}
  m_PrefabInstance: {fileID: 0}
  m_PrefabAsset: {fileID: 0}
  m_GameObject: {fileID: 5440494292178200114}
  m_Enabled: 1
  serializedVersion: 2
  m_ClearFlags: 1
  m_BackGroundColor: {r: 0.19215687, g: 0.3019608, b: 0.4745098, a: 0}
  m_projectionMatrixMode: 1
  m_GateFitMode: 2
  m_FOVAxisMode: 0
  m_SensorSize: {x: 36, y: 24}
  m_LensShift: {x: 0, y: 0}
  m_FocalLength: 50
  m_NormalizedViewPortRect:
    serializedVersion: 2
    x: 0
    y: 0
    width: 1
    height: 1
  near clip plane: 1
  far clip plane: 1000
  field of view: 90
  orthographic: 0
  orthographic size: 5
  m_Depth: -1
  m_CullingMask:
    serializedVersion: 2
    m_Bits: 4294967295
  m_RenderingPath: -1
  m_TargetTexture: {fileID: 0}
  m_TargetDisplay: 0
  m_TargetEye: 3
  m_HDR: 1
  m_AllowMSAA: 1
  m_AllowDynamicResolution: 0
  m_ForceIntoRT: 1
  m_OcclusionCulling: 1
  m_StereoConvergence: 10
  m_StereoSeparation: 0.022
--- !u!81 &5440494292178200118
AudioListener:
  m_ObjectHideFlags: 0
  m_CorrespondingSourceObject: {fileID: 0}
  m_PrefabInstance: {fileID: 0}
  m_PrefabAsset: {fileID: 0}
  m_GameObject: {fileID: 5440494292178200114}
  m_Enabled: 1
--- !u!114 &5440494292178200123
MonoBehaviour:
  m_ObjectHideFlags: 0
  m_CorrespondingSourceObject: {fileID: 0}
  m_PrefabInstance: {fileID: 0}
  m_PrefabAsset: {fileID: 0}
  m_GameObject: {fileID: 5440494292178200114}
  m_Enabled: 1
  m_EditorHideFlags: 0
  m_Script: {fileID: 11500000, guid: a79441f348de89743a2939f4d699eac1, type: 3}
  m_Name: 
  m_EditorClassIdentifier: 
  m_RenderShadows: 1
  m_RequiresDepthTextureOption: 2
  m_RequiresOpaqueTextureOption: 2
  m_CameraType: 0
  m_Cameras: []
  m_RendererIndex: 2
  m_VolumeLayerMask:
    serializedVersion: 2
    m_Bits: 1
  m_VolumeTrigger: {fileID: 0}
  m_RenderPostProcessing: 1
  m_Antialiasing: 2
  m_AntialiasingQuality: 2
  m_StopNaN: 0
  m_Dithering: 0
  m_ClearDepth: 1
  m_RequiresDepthTexture: 0
  m_RequiresColorTexture: 0
  m_Version: 2
--- !u!114 &5440494292178200117
MonoBehaviour:
  m_ObjectHideFlags: 0
  m_CorrespondingSourceObject: {fileID: 0}
  m_PrefabInstance: {fileID: 0}
  m_PrefabAsset: {fileID: 0}
  m_GameObject: {fileID: 5440494292178200114}
  m_Enabled: 0
  m_EditorHideFlags: 0
  m_Script: {fileID: 11500000, guid: 172515602e62fb746b5d573b38a5fe58, type: 3}
  m_Name: 
  m_EditorClassIdentifier: 
  isGlobal: 1
  priority: 0
  blendDistance: 0
  weight: 1
  sharedProfile: {fileID: 11400000, guid: e5af0755510404b439e75a29e3b41511, type: 2}
--- !u!114 &5440494292178200116
MonoBehaviour:
  m_ObjectHideFlags: 0
  m_CorrespondingSourceObject: {fileID: 0}
  m_PrefabInstance: {fileID: 0}
  m_PrefabAsset: {fileID: 0}
  m_GameObject: {fileID: 5440494292178200114}
  m_Enabled: 0
  m_EditorHideFlags: 0
  m_Script: {fileID: 11500000, guid: be76e5f14cfee674cb30b491fb72b09b, type: 3}
  m_Name: 
  m_EditorClassIdentifier: 
  boost: 3.5
  positionLerpTime: 0.2
  mouseSensitivityCurve:
    serializedVersion: 2
    m_Curve:
    - serializedVersion: 3
      time: 0
      value: 0.5
      inSlope: 0
      outSlope: 5
      tangentMode: 0
      weightedMode: 0
      inWeight: 0
      outWeight: 0
    - serializedVersion: 3
      time: 1
      value: 2.5
      inSlope: 0
      outSlope: 0
      tangentMode: 0
      weightedMode: 0
      inWeight: 0
      outWeight: 0
    m_PreInfinity: 2
    m_PostInfinity: 2
    m_RotationOrder: 4
  rotationLerpTime: 0.01
  invertY: 0
--- !u!1 &5558458645407024614
GameObject:
  m_ObjectHideFlags: 0
  m_CorrespondingSourceObject: {fileID: 0}
  m_PrefabInstance: {fileID: 0}
  m_PrefabAsset: {fileID: 0}
  serializedVersion: 6
  m_Component:
  - component: {fileID: 4263858570856210039}
  m_Layer: 0
  m_Name: Fox_Spine1
  m_TagString: Untagged
  m_Icon: {fileID: 0}
  m_NavMeshLayer: 0
  m_StaticEditorFlags: 0
  m_IsActive: 1
--- !u!4 &4263858570856210039
Transform:
  m_ObjectHideFlags: 0
  m_CorrespondingSourceObject: {fileID: 0}
  m_PrefabInstance: {fileID: 0}
  m_PrefabAsset: {fileID: 0}
  m_GameObject: {fileID: 5558458645407024614}
  m_LocalRotation: {x: 0.0000001912997, y: -0.0000023673995, z: -0.034412295, w: 0.9994077}
  m_LocalPosition: {x: -0, y: 0, z: 0}
  m_LocalScale: {x: 1.0000001, y: 1.0000001, z: 1}
  m_Children:
  - {fileID: 9127679425686364081}
  m_Father: {fileID: 2238071740461084902}
  m_RootOrder: 2
  m_LocalEulerAnglesHint: {x: 0, y: 0, z: 0}
--- !u!1 &5580114926331862432
GameObject:
  m_ObjectHideFlags: 0
  m_CorrespondingSourceObject: {fileID: 0}
  m_PrefabInstance: {fileID: 0}
  m_PrefabAsset: {fileID: 0}
  serializedVersion: 6
  m_Component:
  - component: {fileID: 6514929744238904323}
  m_Layer: 0
  m_Name: Fox_REar1
  m_TagString: Untagged
  m_Icon: {fileID: 0}
  m_NavMeshLayer: 0
  m_StaticEditorFlags: 0
  m_IsActive: 1
--- !u!4 &6514929744238904323
Transform:
  m_ObjectHideFlags: 0
  m_CorrespondingSourceObject: {fileID: 0}
  m_PrefabInstance: {fileID: 0}
  m_PrefabAsset: {fileID: 0}
  m_GameObject: {fileID: 5580114926331862432}
  m_LocalRotation: {x: -0.25690538, y: -0.28318503, z: 0.38670555, w: 0.8392048}
  m_LocalPosition: {x: -0.10986996, y: -0.30080196, z: -0.25310627}
  m_LocalScale: {x: 1.000001, y: 0.9999995, z: 1}
  m_Children:
  - {fileID: 5572040272248678473}
  m_Father: {fileID: 1567209340546302050}
  m_RootOrder: 5
  m_LocalEulerAnglesHint: {x: 0, y: 0, z: 0}
--- !u!1 &5774228354299345581
GameObject:
  m_ObjectHideFlags: 0
  m_CorrespondingSourceObject: {fileID: 0}
  m_PrefabInstance: {fileID: 0}
  m_PrefabAsset: {fileID: 0}
  serializedVersion: 6
  m_Component:
  - component: {fileID: 4083030560810136627}
  m_Layer: 0
  m_Name: Fox_Tail6
  m_TagString: Untagged
  m_Icon: {fileID: 0}
  m_NavMeshLayer: 0
  m_StaticEditorFlags: 0
  m_IsActive: 1
--- !u!4 &4083030560810136627
Transform:
  m_ObjectHideFlags: 0
  m_CorrespondingSourceObject: {fileID: 0}
  m_PrefabInstance: {fileID: 0}
  m_PrefabAsset: {fileID: 0}
  m_GameObject: {fileID: 5774228354299345581}
  m_LocalRotation: {x: -0.0014936406, y: 0.069780774, z: -0.009465518, w: 0.9975164}
  m_LocalPosition: {x: -0.18201952, y: -0.00000009536743, z: 0.0000000059604646}
  m_LocalScale: {x: 0.9999999, y: 1.0000002, z: 0.99999905}
  m_Children: []
  m_Father: {fileID: 3063125953022923152}
  m_RootOrder: 0
  m_LocalEulerAnglesHint: {x: 0, y: 0, z: 0}
--- !u!1 &5793279628324173781
GameObject:
  m_ObjectHideFlags: 0
  m_CorrespondingSourceObject: {fileID: 0}
  m_PrefabInstance: {fileID: 0}
  m_PrefabAsset: {fileID: 0}
  serializedVersion: 6
  m_Component:
  - component: {fileID: 4699425178664055651}
  m_Layer: 0
  m_Name: Fox_LowerREyelid
  m_TagString: Untagged
  m_Icon: {fileID: 0}
  m_NavMeshLayer: 0
  m_StaticEditorFlags: 0
  m_IsActive: 1
--- !u!4 &4699425178664055651
Transform:
  m_ObjectHideFlags: 0
  m_CorrespondingSourceObject: {fileID: 0}
  m_PrefabInstance: {fileID: 0}
  m_PrefabAsset: {fileID: 0}
  m_GameObject: {fileID: 5793279628324173781}
  m_LocalRotation: {x: -0.6194472, y: 0.30879968, z: -0.39463142, w: 0.6043129}
  m_LocalPosition: {x: -0.16065598, y: -0.020738697, z: -0.18594874}
  m_LocalScale: {x: 1.0000001, y: 1, z: 1.0000001}
  m_Children: []
  m_Father: {fileID: 1567209340546302050}
  m_RootOrder: 4
  m_LocalEulerAnglesHint: {x: 0, y: 0, z: 0}
--- !u!1 &5986294360364107627
GameObject:
  m_ObjectHideFlags: 0
  m_CorrespondingSourceObject: {fileID: 0}
  m_PrefabInstance: {fileID: 0}
  m_PrefabAsset: {fileID: 0}
  serializedVersion: 6
  m_Component:
  - component: {fileID: 7248463595779949971}
  - component: {fileID: 6930272010721471382}
  m_Layer: 0
  m_Name: Fox_Ribcage
  m_TagString: Player
  m_Icon: {fileID: 0}
  m_NavMeshLayer: 0
  m_StaticEditorFlags: 0
  m_IsActive: 1
--- !u!4 &7248463595779949971
Transform:
  m_ObjectHideFlags: 0
  m_CorrespondingSourceObject: {fileID: 0}
  m_PrefabInstance: {fileID: 0}
  m_PrefabAsset: {fileID: 0}
  m_GameObject: {fileID: 5986294360364107627}
  m_LocalRotation: {x: 0.00000015713746, y: 0.0000024419326, z: 0.06166913, w: 0.99809664}
  m_LocalPosition: {x: -0.33506036, y: 0.000000047683717, z: -1.8189894e-13}
  m_LocalScale: {x: 0.99999994, y: 0.99999994, z: 1}
  m_Children:
  - {fileID: 469812238041377588}
  - {fileID: 6881244845754457376}
  - {fileID: 6726110184178378597}
  m_Father: {fileID: 9127679425686364081}
  m_RootOrder: 0
  m_LocalEulerAnglesHint: {x: 0, y: 0, z: 0}
--- !u!136 &6930272010721471382
CapsuleCollider:
  m_ObjectHideFlags: 0
  m_CorrespondingSourceObject: {fileID: 0}
  m_PrefabInstance: {fileID: 0}
  m_PrefabAsset: {fileID: 0}
  m_GameObject: {fileID: 5986294360364107627}
  m_Material: {fileID: 0}
  m_IsTrigger: 0
  m_Enabled: 1
  m_Radius: 0.431979
  m_Height: 0.8639579
  m_Direction: 1
  m_Center: {x: -0.24496865, y: -0.23006408, z: -0.006288394}
--- !u!1 &6223757203286268234
GameObject:
  m_ObjectHideFlags: 0
  m_CorrespondingSourceObject: {fileID: 0}
  m_PrefabInstance: {fileID: 0}
  m_PrefabAsset: {fileID: 0}
  serializedVersion: 6
  m_Component:
  - component: {fileID: 6235903784822358603}
  m_Layer: 0
  m_Name: Fox_Jaw
  m_TagString: Untagged
  m_Icon: {fileID: 0}
  m_NavMeshLayer: 0
  m_StaticEditorFlags: 0
  m_IsActive: 1
--- !u!4 &6235903784822358603
Transform:
  m_ObjectHideFlags: 0
  m_CorrespondingSourceObject: {fileID: 0}
  m_PrefabInstance: {fileID: 0}
  m_PrefabAsset: {fileID: 0}
  m_GameObject: {fileID: 6223757203286268234}
  m_LocalRotation: {x: 0.000000020449614, y: -3.9293946e-10, z: -0.34202015, w: 0.9396927}
  m_LocalPosition: {x: -0.12721863, y: 0.18921629, z: -0.00000001937151}
  m_LocalScale: {x: 1, y: 1.0000001, z: 1}
  m_Children: []
  m_Father: {fileID: 1567209340546302050}
  m_RootOrder: 0
  m_LocalEulerAnglesHint: {x: 0, y: 0, z: 0}
--- !u!1 &6281096764870566486
GameObject:
  m_ObjectHideFlags: 0
  m_CorrespondingSourceObject: {fileID: 0}
  m_PrefabInstance: {fileID: 0}
  m_PrefabAsset: {fileID: 0}
  serializedVersion: 6
  m_Component:
  - component: {fileID: 2238071740461084902}
  m_Layer: 0
  m_Name: Fox_Pelvis
  m_TagString: Untagged
  m_Icon: {fileID: 0}
  m_NavMeshLayer: 0
  m_StaticEditorFlags: 0
  m_IsActive: 1
--- !u!4 &2238071740461084902
Transform:
  m_ObjectHideFlags: 0
  m_CorrespondingSourceObject: {fileID: 0}
  m_PrefabInstance: {fileID: 0}
  m_PrefabAsset: {fileID: 0}
  m_GameObject: {fileID: 6281096764870566486}
  m_LocalRotation: {x: -0.5, y: -0.49999994, z: 0.50000006, w: 0.5}
  m_LocalPosition: {x: 0.00000001520611, y: 0.34787416, z: 0.72959715}
  m_LocalScale: {x: 1, y: 1, z: 1}
  m_Children:
  - {fileID: 1768823160610011372}
  - {fileID: 7636925135965441762}
  - {fileID: 4263858570856210039}
  - {fileID: 7387512616464163094}
  m_Father: {fileID: 5470667299399687960}
  m_RootOrder: 0
  m_LocalEulerAnglesHint: {x: 0, y: 0, z: 0}
--- !u!1 &6519832946712223961
GameObject:
  m_ObjectHideFlags: 0
  m_CorrespondingSourceObject: {fileID: 0}
  m_PrefabInstance: {fileID: 0}
  m_PrefabAsset: {fileID: 0}
  serializedVersion: 6
  m_Component:
  - component: {fileID: 5572040272248678473}
  m_Layer: 0
  m_Name: Fox_REar2
  m_TagString: Untagged
  m_Icon: {fileID: 0}
  m_NavMeshLayer: 0
  m_StaticEditorFlags: 0
  m_IsActive: 1
--- !u!4 &5572040272248678473
Transform:
  m_ObjectHideFlags: 0
  m_CorrespondingSourceObject: {fileID: 0}
  m_PrefabInstance: {fileID: 0}
  m_PrefabAsset: {fileID: 0}
  m_GameObject: {fileID: 6519832946712223961}
  m_LocalRotation: {x: -0.010861727, y: -0.0025500716, z: 0.018450648, w: 0.99976754}
  m_LocalPosition: {x: -0.16462679, y: 0.000000023841858, z: 0}
  m_LocalScale: {x: 1.0000025, y: 0.999998, z: 1}
  m_Children: []
  m_Father: {fileID: 6514929744238904323}
  m_RootOrder: 0
  m_LocalEulerAnglesHint: {x: 0, y: 0, z: 0}
--- !u!1 &6645149567643500341
GameObject:
  m_ObjectHideFlags: 0
  m_CorrespondingSourceObject: {fileID: 0}
  m_PrefabInstance: {fileID: 0}
  m_PrefabAsset: {fileID: 0}
  serializedVersion: 6
  m_Component:
  - component: {fileID: 1110741527576638654}
  - component: {fileID: 1864922683621536416}
  m_Layer: 0
  m_Name: fox
  m_TagString: Untagged
  m_Icon: {fileID: 0}
  m_NavMeshLayer: 0
  m_StaticEditorFlags: 0
  m_IsActive: 1
--- !u!4 &1110741527576638654
Transform:
  m_ObjectHideFlags: 0
  m_CorrespondingSourceObject: {fileID: 0}
  m_PrefabInstance: {fileID: 0}
  m_PrefabAsset: {fileID: 0}
  m_GameObject: {fileID: 6645149567643500341}
  m_LocalRotation: {x: -0.7071068, y: 0, z: -0, w: 0.7071068}
  m_LocalPosition: {x: -0, y: 0, z: 0}
  m_LocalScale: {x: 1, y: 1, z: 1}
  m_Children: []
  m_Father: {fileID: 8576599403114425701}
  m_RootOrder: 0
  m_LocalEulerAnglesHint: {x: 0, y: 0, z: 0}
--- !u!137 &1864922683621536416
SkinnedMeshRenderer:
  m_ObjectHideFlags: 0
  m_CorrespondingSourceObject: {fileID: 0}
  m_PrefabInstance: {fileID: 0}
  m_PrefabAsset: {fileID: 0}
  m_GameObject: {fileID: 6645149567643500341}
  m_Enabled: 1
  m_CastShadows: 1
  m_ReceiveShadows: 1
  m_DynamicOccludee: 1
  m_MotionVectors: 1
  m_LightProbeUsage: 1
  m_ReflectionProbeUsage: 1
  m_RayTracingMode: 0
  m_RenderingLayerMask: 1
  m_RendererPriority: 0
  m_Materials:
  - {fileID: 2100000, guid: 4ad23863efbf001479d8ebd01ef00654, type: 2}
  m_StaticBatchInfo:
    firstSubMesh: 0
    subMeshCount: 0
  m_StaticBatchRoot: {fileID: 0}
  m_ProbeAnchor: {fileID: 0}
  m_LightProbeVolumeOverride: {fileID: 0}
  m_ScaleInLightmap: 1
  m_ReceiveGI: 1
  m_PreserveUVs: 0
  m_IgnoreNormalsForChartDetection: 0
  m_ImportantGI: 0
  m_StitchLightmapSeams: 1
  m_SelectedEditorRenderState: 3
  m_MinimumChartSize: 4
  m_AutoUVMaxDistance: 0.5
  m_AutoUVMaxAngle: 89
  m_LightmapParameters: {fileID: 0}
  m_SortingLayerID: 0
  m_SortingLayer: 0
  m_SortingOrder: 0
  serializedVersion: 2
  m_Quality: 0
  m_UpdateWhenOffscreen: 0
  m_SkinnedMotionVectors: 1
  m_Mesh: {fileID: -2012753172922253885, guid: 91e4778cdfb185d4d9bfe81556dc4333, type: 3}
  m_Bones:
  - {fileID: 1567209340546302050}
  - {fileID: 2843211872903990501}
  - {fileID: 2238071740461084902}
  - {fileID: 4263858570856210039}
  - {fileID: 9127679425686364081}
  - {fileID: 1749394807861152248}
  - {fileID: 7337884605550244695}
  - {fileID: 6235903784822358603}
  - {fileID: 113001722261966047}
  - {fileID: 6726110184178378597}
  - {fileID: 7248463595779949971}
  - {fileID: 469812238041377588}
  - {fileID: 1215936291865797721}
  - {fileID: 3174785987793544986}
  - {fileID: 1768823160610011372}
  - {fileID: 6462681298803054285}
  - {fileID: 329417721571130893}
  - {fileID: 7760004102397523204}
  - {fileID: 5341778108846370083}
  - {fileID: 370116542107186635}
  - {fileID: 7387512616464163094}
  - {fileID: 4379300885709602528}
  - {fileID: 6004757191701661064}
  - {fileID: 3260484427354436153}
  - {fileID: 3063125953022923152}
  - {fileID: 4083030560810136627}
  - {fileID: 6846205848067315649}
  - {fileID: 8831711962069940275}
  - {fileID: 4699425178664055651}
  - {fileID: 6514929744238904323}
  - {fileID: 6881244845754457376}
  - {fileID: 5572040272248678473}
  - {fileID: 4980515605851022444}
  - {fileID: 7636925135965441762}
  - {fileID: 802168215072917042}
  - {fileID: 1494206259012718916}
  - {fileID: 3261374248913247671}
  - {fileID: 1933336832428575390}
  - {fileID: 2467026383178996678}
  m_BlendShapeWeights: []
  m_RootBone: {fileID: 2238071740461084902}
  m_AABB:
    m_Center: {x: 0.007379949, y: -0.105580926, z: 0.0000005662441}
    m_Extent: {x: 1.4872236, y: 0.89014065, z: 0.5140997}
  m_DirtyAABB: 0
--- !u!1 &6713956889486967730
GameObject:
  m_ObjectHideFlags: 0
  m_CorrespondingSourceObject: {fileID: 0}
  m_PrefabInstance: {fileID: 0}
  m_PrefabAsset: {fileID: 0}
  serializedVersion: 6
  m_Component:
  - component: {fileID: 7337884605550244695}
  m_Layer: 0
  m_Name: Fox_LowerLEyelid
  m_TagString: Untagged
  m_Icon: {fileID: 0}
  m_NavMeshLayer: 0
  m_StaticEditorFlags: 0
  m_IsActive: 1
--- !u!4 &7337884605550244695
Transform:
  m_ObjectHideFlags: 0
  m_CorrespondingSourceObject: {fileID: 0}
  m_PrefabInstance: {fileID: 0}
  m_PrefabAsset: {fileID: 0}
  m_GameObject: {fileID: 6713956889486967730}
  m_LocalRotation: {x: 0.61944723, y: -0.3087996, z: -0.39463148, w: 0.6043128}
  m_LocalPosition: {x: -0.16065617, y: -0.020738697, z: 0.18594877}
  m_LocalScale: {x: 0.99999994, y: 0.99999994, z: 0.9999998}
  m_Children: []
  m_Father: {fileID: 1567209340546302050}
  m_RootOrder: 3
  m_LocalEulerAnglesHint: {x: 0, y: 0, z: 0}
--- !u!1 &7291728914957785197
GameObject:
  m_ObjectHideFlags: 0
  m_CorrespondingSourceObject: {fileID: 0}
  m_PrefabInstance: {fileID: 0}
  m_PrefabAsset: {fileID: 0}
  serializedVersion: 6
  m_Component:
  - component: {fileID: 6462681298803054285}
  m_Layer: 0
  m_Name: Fox_F_LLegAnkle
  m_TagString: Untagged
  m_Icon: {fileID: 0}
  m_NavMeshLayer: 0
  m_StaticEditorFlags: 0
  m_IsActive: 1
--- !u!4 &6462681298803054285
Transform:
  m_ObjectHideFlags: 0
  m_CorrespondingSourceObject: {fileID: 0}
  m_PrefabInstance: {fileID: 0}
  m_PrefabAsset: {fileID: 0}
  m_GameObject: {fileID: 7291728914957785197}
  m_LocalRotation: {x: -0.036755323, y: -0.05637655, z: -0.030545235, w: 0.99726516}
  m_LocalPosition: {x: -0.32698628, y: 0.000000023841858, z: 0}
  m_LocalScale: {x: 1.0000001, y: 0.9999999, z: 0.9999999}
  m_Children:
  - {fileID: 329417721571130893}
  m_Father: {fileID: 3174785987793544986}
  m_RootOrder: 0
  m_LocalEulerAnglesHint: {x: 0, y: 0, z: 0}
--- !u!1 &7292593229171943565
GameObject:
  m_ObjectHideFlags: 0
  m_CorrespondingSourceObject: {fileID: 0}
  m_PrefabInstance: {fileID: 0}
  m_PrefabAsset: {fileID: 0}
  serializedVersion: 6
  m_Component:
  - component: {fileID: 3261374248913247671}
  m_Layer: 0
  m_Name: Fox_RLeg2
  m_TagString: Untagged
  m_Icon: {fileID: 0}
  m_NavMeshLayer: 0
  m_StaticEditorFlags: 0
  m_IsActive: 1
--- !u!4 &3261374248913247671
Transform:
  m_ObjectHideFlags: 0
  m_CorrespondingSourceObject: {fileID: 0}
  m_PrefabInstance: {fileID: 0}
  m_PrefabAsset: {fileID: 0}
  m_GameObject: {fileID: 7292593229171943565}
  m_LocalRotation: {x: 0.06860664, y: 0.041445907, z: 0.7786574, w: 0.62230873}
  m_LocalPosition: {x: -0.35889268, y: -0.000000834465, z: -0.00000072717665}
  m_LocalScale: {x: 0.99999493, y: 1.0000044, z: 1.0000005}
  m_Children:
  - {fileID: 1933336832428575390}
  m_Father: {fileID: 7636925135965441762}
  m_RootOrder: 0
  m_LocalEulerAnglesHint: {x: 0, y: 0, z: 0}
--- !u!1 &7532719528328726784
GameObject:
  m_ObjectHideFlags: 0
  m_CorrespondingSourceObject: {fileID: 0}
  m_PrefabInstance: {fileID: 0}
  m_PrefabAsset: {fileID: 0}
  serializedVersion: 6
  m_Component:
  - component: {fileID: 1215936291865797721}
  m_Layer: 0
  m_Name: Fox_LEar2
  m_TagString: Untagged
  m_Icon: {fileID: 0}
  m_NavMeshLayer: 0
  m_StaticEditorFlags: 0
  m_IsActive: 1
--- !u!4 &1215936291865797721
Transform:
  m_ObjectHideFlags: 0
  m_CorrespondingSourceObject: {fileID: 0}
  m_PrefabInstance: {fileID: 0}
  m_PrefabAsset: {fileID: 0}
  m_GameObject: {fileID: 7532719528328726784}
  m_LocalRotation: {x: -0.010023341, y: -0.004885793, z: -0.09439924, w: 0.995472}
  m_LocalPosition: {x: -0.16462688, y: 0.000000047683717, z: -0.000000047683717}
  m_LocalScale: {x: 0.9999963, y: 1.0000036, z: 1.0000005}
  m_Children: []
  m_Father: {fileID: 113001722261966047}
  m_RootOrder: 0
  m_LocalEulerAnglesHint: {x: 0, y: 0, z: 0}
--- !u!1 &8123357092748385475
GameObject:
  m_ObjectHideFlags: 0
  m_CorrespondingSourceObject: {fileID: 0}
  m_PrefabInstance: {fileID: 0}
  m_PrefabAsset: {fileID: 0}
  serializedVersion: 6
  m_Component:
  - component: {fileID: 329417721571130893}
  - component: {fileID: 815218798698773349}
  m_Layer: 0
  m_Name: Fox_F_LLegDigit11
  m_TagString: Player
  m_Icon: {fileID: 0}
  m_NavMeshLayer: 0
  m_StaticEditorFlags: 0
  m_IsActive: 1
--- !u!4 &329417721571130893
Transform:
  m_ObjectHideFlags: 0
  m_CorrespondingSourceObject: {fileID: 0}
  m_PrefabInstance: {fileID: 0}
  m_PrefabAsset: {fileID: 0}
  m_GameObject: {fileID: 8123357092748385475}
  m_LocalRotation: {x: 0.000038832022, y: -0.00006569978, z: -0.5092752, w: 0.8606037}
  m_LocalPosition: {x: -0.10281201, y: 0.009335423, z: -0.0000029563905}
  m_LocalScale: {x: 1.0000002, y: 0.99999946, z: 0.9999999}
  m_Children: []
  m_Father: {fileID: 6462681298803054285}
  m_RootOrder: 0
  m_LocalEulerAnglesHint: {x: 0, y: 0, z: 0}
--- !u!136 &815218798698773349
CapsuleCollider:
  m_ObjectHideFlags: 0
  m_CorrespondingSourceObject: {fileID: 0}
  m_PrefabInstance: {fileID: 0}
  m_PrefabAsset: {fileID: 0}
  m_GameObject: {fileID: 8123357092748385475}
  m_Material: {fileID: 0}
  m_IsTrigger: 0
  m_Enabled: 1
  m_Radius: 0.1310194
  m_Height: 0.46342507
  m_Direction: 1
  m_Center: {x: 0.016496336, y: 0.18882191, z: 0.01939818}
--- !u!1 &8174203454330062669
GameObject:
  m_ObjectHideFlags: 0
  m_CorrespondingSourceObject: {fileID: 0}
  m_PrefabInstance: {fileID: 0}
  m_PrefabAsset: {fileID: 0}
  serializedVersion: 6
  m_Component:
  - component: {fileID: 3063125953022923152}
  - component: {fileID: 5607578987170212761}
  m_Layer: 0
  m_Name: Fox_Tail5
  m_TagString: Player
  m_Icon: {fileID: 0}
  m_NavMeshLayer: 0
  m_StaticEditorFlags: 0
  m_IsActive: 1
--- !u!4 &3063125953022923152
Transform:
  m_ObjectHideFlags: 0
  m_CorrespondingSourceObject: {fileID: 0}
  m_PrefabInstance: {fileID: 0}
  m_PrefabAsset: {fileID: 0}
  m_GameObject: {fileID: 8174203454330062669}
  m_LocalRotation: {x: 0.0003721337, y: 0.029122224, z: 0.00142484, w: 0.9995748}
  m_LocalPosition: {x: -0.20310514, y: 0, z: 0.0000000059604646}
  m_LocalScale: {x: 0.9999999, y: 0.99999994, z: 0.9999995}
  m_Children:
  - {fileID: 4083030560810136627}
  m_Father: {fileID: 3260484427354436153}
  m_RootOrder: 0
  m_LocalEulerAnglesHint: {x: 0, y: 0, z: 0}
--- !u!135 &5607578987170212761
SphereCollider:
  m_ObjectHideFlags: 0
  m_CorrespondingSourceObject: {fileID: 0}
  m_PrefabInstance: {fileID: 0}
  m_PrefabAsset: {fileID: 0}
  m_GameObject: {fileID: 8174203454330062669}
  m_Material: {fileID: 0}
  m_IsTrigger: 0
  m_Enabled: 1
  serializedVersion: 2
  m_Radius: 0.2877474
  m_Center: {x: -0.06635983, y: 0.000000032321438, z: 0.055947345}
--- !u!1 &8419367800228729332
GameObject:
  m_ObjectHideFlags: 0
  m_CorrespondingSourceObject: {fileID: 0}
  m_PrefabInstance: {fileID: 0}
  m_PrefabAsset: {fileID: 0}
  serializedVersion: 6
  m_Component:
  - component: {fileID: 2467026383178996678}
  - component: {fileID: 589031353982572340}
  m_Layer: 0
  m_Name: Fox_RLegDigit11
  m_TagString: Player
  m_Icon: {fileID: 0}
  m_NavMeshLayer: 0
  m_StaticEditorFlags: 0
  m_IsActive: 1
--- !u!4 &2467026383178996678
Transform:
  m_ObjectHideFlags: 0
  m_CorrespondingSourceObject: {fileID: 0}
  m_PrefabInstance: {fileID: 0}
  m_PrefabAsset: {fileID: 0}
  m_GameObject: {fileID: 8419367800228729332}
  m_LocalRotation: {x: -0.00012769777, y: 0.00027100876, z: -0.6359317, w: 0.7717454}
  m_LocalPosition: {x: -0.32539484, y: 0.007751322, z: 0}
  m_LocalScale: {x: 0.9999882, y: 1.0000113, z: 1}
  m_Children: []
  m_Father: {fileID: 1933336832428575390}
  m_RootOrder: 0
  m_LocalEulerAnglesHint: {x: 0, y: 0, z: 0}
--- !u!136 &589031353982572340
CapsuleCollider:
  m_ObjectHideFlags: 0
  m_CorrespondingSourceObject: {fileID: 0}
  m_PrefabInstance: {fileID: 0}
  m_PrefabAsset: {fileID: 0}
  m_GameObject: {fileID: 8419367800228729332}
  m_Material: {fileID: 0}
  m_IsTrigger: 0
  m_Enabled: 1
  m_Radius: 0.12840249
  m_Height: 0.47864076
  m_Direction: 1
  m_Center: {x: 0.016873647, y: 0.19977163, z: 0.00000011355157}
--- !u!1 &8747582664174395675
GameObject:
  m_ObjectHideFlags: 0
  m_CorrespondingSourceObject: {fileID: 0}
  m_PrefabInstance: {fileID: 0}
  m_PrefabAsset: {fileID: 0}
  serializedVersion: 6
  m_Component:
  - component: {fileID: 1494206259012718916}
  - component: {fileID: 7825319184781762191}
  m_Layer: 0
  m_Name: Fox_F_RLegDigit11
  m_TagString: Player
  m_Icon: {fileID: 0}
  m_NavMeshLayer: 0
  m_StaticEditorFlags: 0
  m_IsActive: 1
--- !u!4 &1494206259012718916
Transform:
  m_ObjectHideFlags: 0
  m_CorrespondingSourceObject: {fileID: 0}
  m_PrefabInstance: {fileID: 0}
  m_PrefabAsset: {fileID: 0}
  m_GameObject: {fileID: 8747582664174395675}
  m_LocalRotation: {x: 0.000003809541, y: -0.0000062349995, z: -0.5099838, w: 0.860184}
  m_LocalPosition: {x: -0.102812074, y: 0.009335399, z: 0.0000029087066}
  m_LocalScale: {x: 0.9999996, y: 1.0000006, z: 1.0000001}
  m_Children: []
  m_Father: {fileID: 802168215072917042}
  m_RootOrder: 0
  m_LocalEulerAnglesHint: {x: 0, y: 0, z: 0}
--- !u!136 &7825319184781762191
CapsuleCollider:
  m_ObjectHideFlags: 0
  m_CorrespondingSourceObject: {fileID: 0}
  m_PrefabInstance: {fileID: 0}
  m_PrefabAsset: {fileID: 0}
  m_GameObject: {fileID: 8747582664174395675}
  m_Material: {fileID: 0}
  m_IsTrigger: 0
  m_Enabled: 1
  m_Radius: 0.12746423
  m_Height: 0.4675852
  m_Direction: 1
  m_Center: {x: 0.0022027353, y: 0.19533488, z: 0.00000001006776}
--- !u!1 &8957064943203923935
GameObject:
  m_ObjectHideFlags: 0
  m_CorrespondingSourceObject: {fileID: 0}
  m_PrefabInstance: {fileID: 0}
  m_PrefabAsset: {fileID: 0}
  serializedVersion: 6
  m_Component:
  - component: {fileID: 8576599403114425701}
  - component: {fileID: 2442674361816823583}
  - component: {fileID: 5440494292449748139}
  - component: {fileID: 5440494292449748137}
  - component: {fileID: 7267992097559559398}
  m_Layer: 0
  m_Name: Fox
  m_TagString: Untagged
  m_Icon: {fileID: 0}
  m_NavMeshLayer: 0
  m_StaticEditorFlags: 0
  m_IsActive: 1
--- !u!4 &8576599403114425701
Transform:
  m_ObjectHideFlags: 0
  m_CorrespondingSourceObject: {fileID: 0}
  m_PrefabInstance: {fileID: 0}
  m_PrefabAsset: {fileID: 0}
  m_GameObject: {fileID: 8957064943203923935}
  m_LocalRotation: {x: 0, y: 0, z: 0, w: 1}
  m_LocalPosition: {x: 159.83998, y: 7.477, z: 122.46001}
  m_LocalScale: {x: 1, y: 1, z: 1}
  m_Children:
  - {fileID: 1110741527576638654}
  - {fileID: 5470667299399687960}
  - {fileID: 5440494292178200120}
  m_Father: {fileID: 0}
  m_RootOrder: 0
  m_LocalEulerAnglesHint: {x: 0, y: 0, z: 0}
--- !u!95 &2442674361816823583
Animator:
  serializedVersion: 3
  m_ObjectHideFlags: 0
  m_CorrespondingSourceObject: {fileID: 0}
  m_PrefabInstance: {fileID: 0}
  m_PrefabAsset: {fileID: 0}
  m_GameObject: {fileID: 8957064943203923935}
  m_Enabled: 1
  m_Avatar: {fileID: 9000000, guid: 91e4778cdfb185d4d9bfe81556dc4333, type: 3}
  m_Controller: {fileID: 9100000, guid: 0c5b7ffa0a986b24ea0ddfc7e545c76b, type: 2}
  m_CullingMode: 1
  m_UpdateMode: 0
  m_ApplyRootMotion: 0
  m_LinearVelocityBlending: 0
  m_WarningMessage: 
  m_HasTransformHierarchy: 1
  m_AllowConstantClipSamplingOptimization: 1
  m_KeepAnimatorControllerStateOnDisable: 0
--- !u!54 &5440494292449748139
Rigidbody:
  m_ObjectHideFlags: 0
  m_CorrespondingSourceObject: {fileID: 0}
  m_PrefabInstance: {fileID: 0}
  m_PrefabAsset: {fileID: 0}
  m_GameObject: {fileID: 8957064943203923935}
  serializedVersion: 2
  m_Mass: 1
  m_Drag: 2
  m_AngularDrag: 1
  m_UseGravity: 1
  m_IsKinematic: 0
  m_Interpolate: 0
  m_Constraints: 112
  m_CollisionDetection: 0
--- !u!114 &5440494292449748137
MonoBehaviour:
  m_ObjectHideFlags: 0
  m_CorrespondingSourceObject: {fileID: 0}
  m_PrefabInstance: {fileID: 0}
  m_PrefabAsset: {fileID: 0}
  m_GameObject: {fileID: 8957064943203923935}
  m_Enabled: 0
  m_EditorHideFlags: 0
  m_Script: {fileID: 11500000, guid: 98906caad32de064ea488649ce6dcedd, type: 3}
  m_Name: 
  m_EditorClassIdentifier: 
  speed: 15
  jumpForce: 4.5
  bullet: {fileID: 2891040350809999233, guid: aeffea337b0976c4b91c99ffbc75ed1f, type: 3}
  bulletParent: {fileID: 0}
  fireRate: 200
  health: 0
  camSpeed: 0.1
--- !u!114 &7267992097559559398
MonoBehaviour:
  m_ObjectHideFlags: 0
  m_CorrespondingSourceObject: {fileID: 0}
  m_PrefabInstance: {fileID: 0}
  m_PrefabAsset: {fileID: 0}
  m_GameObject: {fileID: 8957064943203923935}
  m_Enabled: 1
  m_EditorHideFlags: 0
  m_Script: {fileID: 11500000, guid: 4d0778ed854d357499308432d7a40fdc, type: 3}
  m_Name: 
  m_EditorClassIdentifier: 
  speed: 15
  jumpForce: 200
  frontLeftLeg: {fileID: 815218798698773349}
  frontRightLeg: {fileID: 7825319184781762191}
  backLeftLeg: {fileID: 1468559802549365766}
  backRightLeg: {fileID: 589031353982572340}
  camSpeed: 0
  animator: {fileID: 2442674361816823583}
  tailCollider: {fileID: 5607578987170212761}
  damageOutput: 0
  bullet: {fileID: 0}
  bulletParent: {fileID: 0}
  fireRate: 0
--- !u!1 &8977598431915371870
GameObject:
  m_ObjectHideFlags: 0
  m_CorrespondingSourceObject: {fileID: 0}
  m_PrefabInstance: {fileID: 0}
  m_PrefabAsset: {fileID: 0}
  serializedVersion: 6
  m_Component:
  - component: {fileID: 7760004102397523204}
  m_Layer: 0
  m_Name: Fox_LLeg2
  m_TagString: Untagged
  m_Icon: {fileID: 0}
  m_NavMeshLayer: 0
  m_StaticEditorFlags: 0
  m_IsActive: 1
--- !u!4 &7760004102397523204
Transform:
  m_ObjectHideFlags: 0
  m_CorrespondingSourceObject: {fileID: 0}
  m_PrefabInstance: {fileID: 0}
  m_PrefabAsset: {fileID: 0}
  m_GameObject: {fileID: 8977598431915371870}
  m_LocalRotation: {x: -0.08295766, y: -0.03472966, z: 0.6524254, w: 0.7524978}
  m_LocalPosition: {x: -0.35889274, y: -0.00000088214875, z: 0.00000061988834}
  m_LocalScale: {x: 1.0000004, y: 0.9999993, z: 1}
  m_Children:
  - {fileID: 5341778108846370083}
  m_Father: {fileID: 1768823160610011372}
  m_RootOrder: 0
  m_LocalEulerAnglesHint: {x: 0, y: 0, z: 0}
--- !u!1 &8985317246071917715
GameObject:
  m_ObjectHideFlags: 0
  m_CorrespondingSourceObject: {fileID: 0}
  m_PrefabInstance: {fileID: 0}
  m_PrefabAsset: {fileID: 0}
  serializedVersion: 6
  m_Component:
  - component: {fileID: 7636925135965441762}
  m_Layer: 0
  m_Name: Fox_RLeg1
  m_TagString: Untagged
  m_Icon: {fileID: 0}
  m_NavMeshLayer: 0
  m_StaticEditorFlags: 0
  m_IsActive: 1
--- !u!4 &7636925135965441762
Transform:
  m_ObjectHideFlags: 0
  m_CorrespondingSourceObject: {fileID: 0}
  m_PrefabInstance: {fileID: 0}
  m_PrefabAsset: {fileID: 0}
  m_GameObject: {fileID: 8985317246071917715}
  m_LocalRotation: {x: 0.8928712, y: -0.45008877, z: -0.0061224364, w: -0.012790661}
  m_LocalPosition: {x: -0, y: 0, z: -0.19275485}
  m_LocalScale: {x: 0.9999992, y: 1.0000007, z: 1.0000001}
  m_Children:
  - {fileID: 3261374248913247671}
  m_Father: {fileID: 2238071740461084902}
  m_RootOrder: 1
  m_LocalEulerAnglesHint: {x: 0, y: 0, z: 0}
